        
@ARTICLE{1992RMxAA..23..107C,
   author = {{Cunto}, W. and {Mendoza}, C.},
    title = "{The Opacity Project - the Topbase Atomic Database}",
  journal = {Rev. Mex. Astron. Astrophys.},
     year = 1992,
    month = mar,
   volume = 23,
   adsurl = {http://adsabs.harvard.edu/abs/1992RMxAA..23..107C},
  adsnote = {Provided by the SAO/NASA Astrophysics Data System}
}

@ARTICLE{1993A&A...275L...5C,
   author = {{Cunto}, W. and {Mendoza}, C. and {Ochsenbein}, F. and {Zeippen}, C.~J.
        },
    title = "{Topbase at the CDS}",
  journal = {\astap},
 keywords = {Atomic data},
     year = 1993,
    month = aug,
   volume = 275,
    pages = {L5},
   adsurl = {http://adsabs.harvard.edu/abs/1993A%26A...275L...5C},
  adsnote = {Provided by the SAO/NASA Astrophysics Data System}
}

@ARTICLE{1992BICDS..42...39C,
   author = {{Cunto}, W. and {Mendoza}, C. and {Ochsenbein}, F. and {Zeippen}, C.~J.
	},
    title = "{TOPBASE: the Opacity Project atomic database.}",
  journal = {Bulletin d'Information du Centre de Donnees Stellaires},
     year = 1992,
    month = jan,
   volume = 42,
    pages = {39-43},
   adsurl = {http://adsabs.harvard.edu/abs/1992BICDS..42...39C},
  adsnote = {Provided by the SAO/NASA Astrophysics Data System}
}

@ARTICLE{1965AnAp...28..755T,
   author = {{Tousey}, R. and {Austin}, W.~E. and {Purcell}, J.~D. and {Widing}, K.~G.
	},
    title = "{The extreme ultraviolet emission from the Sun between the Lyman-alpha lines of H I and C VI}",
  journal = {Annales d'Astrophysique},
     year = 1965,
    month = feb,
   volume = 28,
    pages = {755},
   adsurl = {http://adsabs.harvard.edu/abs/1965AnAp...28..755T},
  adsnote = {Provided by the SAO/NASA Astrophysics Data System}
}

@ARTICLE{1966ApJ...144..435D,
   author = {{Deutschman}, W.~A. and {House}, L.~L.},
    title = "{New Inner-Shell Resonance Lines in Highly Ionized Sulfur and Chlorine}",
  journal = {\apj},
     year = 1966,
    month = apr,
   volume = 144,
    pages = {435},
      doi = {10.1086/148624},
   adsurl = {http://adsabs.harvard.edu/abs/1966ApJ...144..435D},
  adsnote = {Provided by the SAO/NASA Astrophysics Data System}
}

@ARTICLE{1967ApJ...149..451D,
   author = {{Deutschman}, W.~A. and {House}, L.~L.},
    title = "{Additional Resonance Lines of Highly Ionized Sulfur, Chlorine, Argon, and Potassium}",
  journal = {\apj},
     year = 1967,
    month = aug,
   volume = 149,
    pages = {451},
      doi = {10.1086/149273},
   adsurl = {http://adsabs.harvard.edu/abs/1967ApJ...149..451D},
  adsnote = {Provided by the SAO/NASA Astrophysics Data System}
}

@ARTICLE{1973PhyS....8..244F,
   author = {{Fawcett}, B.~C. and {Hayes}, R.~W.},
    title = "{The classification of transitions between levels of principal quantum numbers 2 and 3 in S X to XIV and for isoelectronic spectra in P, Cl and Ar.}",
  journal = {Phys. Scr.},
     year = 1973,
   volume = 8,
    pages = {244-248},
      doi = {10.1088/0031-8949/8/6/006},
   adsurl = {http://adsabs.harvard.edu/abs/1973PhyS....8..244F},
  adsnote = {Provided by the SAO/NASA Astrophysics Data System}
}

@ARTICLE{1987PhyS...36...80F,
   author = {{Fawcett}, B.~C. and {Hayes}, R.~W.},
    title = "{Classification of sulphur VII to XIV spectra between 22 and 73 {\AA} with wavelengths, oscillator strengths and energy levels}",
  journal = {Phys. Scr.},
     year = 1987,
    month = jul,
   volume = 36,
    pages = {80-87},
      doi = {10.1088/0031-8949/36/1/013},
   adsurl = {http://adsabs.harvard.edu/abs/1987PhyS...36...80F},
  adsnote = {Provided by the SAO/NASA Astrophysics Data System}
}

@ARTICLE{1999PhyS...59..355K,
   author = {{Kink}, I. and {Engstr{\"o}m}, L.},
    title = "{Spectroscopic Investigations of the 2p23l Configurations in Si VIII and S X}",
  journal = {Phys. Scr.},
 keywords = {3230Jc},
     year = 1999,
   volume = 59,
    pages = {355-360},
      doi = {10.1238/Physica.Regular.059a00355},
   adsurl = {http://adsabs.harvard.edu/abs/1999PhyS...59..355K},
  adsnote = {Provided by the SAO/NASA Astrophysics Data System}
}

@article{0004-637X-762-1-53,
  author={F. Li and G. Y. Liang and G. Zhao},
  title={Soft X-Ray Emission Lines of S VII-S XIV in Procyon},
  journal={Astophys. Journ.},
  volume={762},
  number={1},
  pages={53},
  url={http://stacks.iop.org/0004-637X/762/i=1/a=53},
  year={2013},
}
	
@INPROCEEDINGS{2000SPIE.4012...81B,
   author = {{Brinkman}, B.~C. and {Gunsing}, T. and {Kaastra}, J.~S. and 
	{van der Meer}, R. and {Mewe}, R. and {Paerels}, F.~B. and {Raassen}, T. and 
	{van Rooijen}, J. and {Braeuninger}, H.~W. and {Burwitz}, V. and 
	{Hartner}, G.~D. and {Kettenring}, G. and {Predehl}, P. and 
	{Drake}, J.~J. and {Johnson}, C.~O. and {Kenter}, A.~T. and 
	{Kraft}, R.~P. and {Murray}, S.~S. and {Ratzlaff}, P.~W. and 
	{Wargelin}, B.~J.},
    title = "{Description and performance of the low-energy transmission grating spectrometer on board Chandra}",
booktitle = {Description and performance of the low-energy transmission grating spectrometer on board Chandra},
     year = 2000,
   series = {Society of Photo-Optical Instrumentation Engineers (SPIE) Conference Series},
   volume = 4012,
    month = jul,
    pages = {81-90},
   adsurl = {http://adsabs.harvard.edu/abs/2000SPIE.4012...81B},
  adsnote = {Provided by the SAO/NASA Astrophysics Data System}
}

@ARTICLE{2003ApJ...582.1162M,
   author = {{Mohan}, A. and {Landi}, E. and {Dwivedi}, B.~N.},
    title = "{On the Extreme-Ultraviolet/Ultraviolet Plasma Diagnostics for Nitrogen-like Ions from Spectra Obtained By SOHO/SUMER}",
  journal = {\apj},
 keywords = {Atomic Data, Sun: Corona, Sun: UV Radiation, Ultraviolet: General},
     year = 2003,
    month = jan,
   volume = 582,
    pages = {1162-1171},
      doi = {10.1086/344823},
   adsurl = {http://adsabs.harvard.edu/abs/2003ApJ...582.1162M},
  adsnote = {Provided by the SAO/NASA Astrophysics Data System}
}

@ARTICLE{2012A&A...537A..38D,
   author = {{Del Zanna}, G.},
    title = "{Benchmarking atomic data for the CHIANTI atomic database: coronal lines observed by Hinode EIS}",
  journal = {\aap},
 keywords = {atomic data, line: identification, Sun: corona, Sun: abundances, techniques: spectroscopic},
     year = 2012,
    month = jan,
   volume = 537,
      eid = {A38},
    pages = {A38},
      doi = {10.1051/0004-6361/201117592},
   adsurl = {http://adsabs.harvard.edu/abs/2012A%26A...537A..38D},
  adsnote = {Provided by the SAO/NASA Astrophysics Data System}
}

@ARTICLE{2007SoPh..243...19C,
   author = {{Culhane}, J.~L. and {Harra}, L.~K. and {James}, A.~M. and {Al-Janabi}, K. and 
	{Bradley}, L.~J. and {Chaudry}, R.~A. and {Rees}, K. and {Tandy}, J.~A. and 
	{Thomas}, P. and {Whillock}, M.~C.~R. and {Winter}, B. and {Doschek}, G.~A. and 
	{Korendyke}, C.~M. and {Brown}, C.~M. and {Myers}, S. and {Mariska}, J. and 
	{Seely}, J. and {Lang}, J. and {Kent}, B.~J. and {Shaughnessy}, B.~M. and 
	{Young}, P.~R. and {Simnett}, G.~M. and {Castelli}, C.~M. and 
	{Mahmoud}, S. and {Mapson-Menard}, H. and {Probyn}, B.~J. and 
	{Thomas}, R.~J. and {Davila}, J. and {Dere}, K. and {Windt}, D. and 
	{Shea}, J. and {Hagood}, R. and {Moye}, R. and {Hara}, H. and 
	{Watanabe}, T. and {Matsuzaki}, K. and {Kosugi}, T. and {Hansteen}, V. and 
	{Wikstol}, {\O}.},
    title = "{The EUV Imaging Spectrometer for Hinode}",
  journal = {Sol. Phys.},
     year = 2007,
    month = jun,
   volume = 243,
    pages = {19-61},
      doi = {10.1007/s01007-007-0293-1},
   adsurl = {http://adsabs.harvard.edu/abs/2007SoPh..243...19C},
  adsnote = {Provided by the SAO/NASA Astrophysics Data System}
}

@ARTICLE{1995SoPh..162....1D,
   author = {{Domingo}, V. and {Fleck}, B. and {Poland}, A.~I.},
    title = "{The SOHO Mission: an Overview}",
  journal = {Sol. Phys.},
 keywords = {SOHO, solar interior, solar corona, solar wind},
     year = 1995,
    month = dec,
   volume = 162,
    pages = {1-37},
      doi = {10.1007/BF00733425},
   adsurl = {http://adsabs.harvard.edu/abs/1995SoPh..162....1D},
  adsnote = {Provided by the SAO/NASA Astrophysics Data System}
}

@ARTICLE{2014ApJ...788...25B,
   author = {{Beiersdorfer}, P. and {Tr{\"a}bert}, E. and {Lepson}, J.~K. and 
	{Brickhouse}, N.~S. and {Golub}, L.},
    title = "{High-resolution Laboratory Measurements of Coronal Lines in the 198-218 {\AA} Region}",
  journal = {\apj},
 keywords = {atomic data, line: identification, stars: coronae, Sun: corona, X-rays: stars },
     year = 2014,
    month = jun,
   volume = 788,
      eid = {25},
    pages = {25},
      doi = {10.1088/0004-637X/788/1/25},
   adsurl = {http://adsabs.harvard.edu/abs/2014ApJ...788...25B},
  adsnote = {Provided by the SAO/NASA Astrophysics Data System}
}

@ARTICLE{2014ApJS..215....6T,
   author = {{Tr{\"a}bert}, E. and {Beiersdorfer}, P. and {Brickhouse}, N.~S. and 
	{Golub}, L.},
    title = "{High-resolution Laboratory Spectra of the {$\lambda$}193 Channel of the Atmospheric Imaging Assembly Instrument on Board Solar Dynamics Observatory}",
  journal = {\apjs},
 keywords = {atomic data, methods: laboratory: atomic, Sun: corona, Sun: UV radiation, techniques: spectroscopic },
     year = 2014,
    month = nov,
   volume = 215,
      eid = {6},
    pages = {6},
      doi = {10.1088/0067-0049/215/1/6},
   adsurl = {http://adsabs.harvard.edu/abs/2014ApJS..215....6T},
  adsnote = {Provided by the SAO/NASA Astrophysics Data System}
}

@ARTICLE{2000ADNDT..76..176B,
   author = {{Bell}, K.~L. and {Ramsbottom}, C.~A.},
    title = "{Effective Collision Strengths for Electron-Impact Excitation of S X}",
  journal = {\atdat},
     year = 2000,
    month = sep,
   volume = 76,
    pages = {176-190},
      doi = {10.1006/adnd.2000.0840},
   adsurl = {http://adsabs.harvard.edu/abs/2000ADNDT..76..176B},
  adsnote = {Provided by the SAO/NASA Astrophysics Data System}
}

@ARTICLE{2003ADNDT..85..169B,
   author = {{Bhatia}, A.~K. and {Landi}, E.},
    title = "{Atomic data and spectral line intensities for S IX}",
  journal = {\atdat},
     year = 2003,
    month = sep,
   volume = 85,
    pages = {169-253},
      doi = {10.1016/S0092-640X(03)00057-3},
   adsurl = {http://adsabs.harvard.edu/abs/2003ADNDT..85..169B},
  adsnote = {Provided by the SAO/NASA Astrophysics Data System}
}

@ARTICLE{2011A&A...533A..87L,
   author = {{Liang}, G.~Y. and {Badnell}, N.~R. and {Zhao}, G. and {Zhong}, J.~Y. and 
	{Wang}, F.~L.},
    title = "{R-matrix electron-impact excitation data for astrophysically abundant sulphur ions}",
  journal = {\aap},
 keywords = {plasmas, atomic processes, atomic data},
     year = 2011,
    month = sep,
   volume = 533,
      eid = {A87},
    pages = {A87},
      doi = {10.1051/0004-6361/201117616},
   adsurl = {http://adsabs.harvard.edu/abs/2011A%26A...533A..87L},
  adsnote = {Provided by the SAO/NASA Astrophysics Data System}
}

@ARTICLE{2005MNRAS.360..458B,
   author = {{Badnell}, N.~R. and {Bautista}, M.~A. and {Butler}, K. and 
	{Delahaye}, F. and {Mendoza}, C. and {Palmeri}, P. and {Zeippen}, C.~J. and 
	{Seaton}, M.~J.},
    title = "{Updated opacities from the Opacity Project}",
  journal = {\mnras},
 keywords = {atomic processes, radiative transfer, stars: interiors},
     year = 2005,
    month = jun,
   volume = 360,
    pages = {458-464},
      doi = {10.1111/j.1365-2966.2005.08991.x},
   adsurl = {http://adsabs.harvard.edu/abs/2005MNRAS.360..458B},
  adsnote = {Provided by the SAO/NASA Astrophysics Data System}
}

@ARTICLE{1974ADNDT..14..177C,
   author = {{Clementi}, E. and {Roetti}, C.},
    title = "{Roothaan-Hartree-Fock Atomic Wavefunctions: Basis Functions and Their Coefficients for Ground and Certain Excited States of Neutral and Ionized Atoms, Z $\leq$ 54}",
  journal = {\atdat},
     year = 1974,
   volume = 14,
    pages = {177},
      doi = {10.1016/S0092-640X(74)80016-1},
   adsurl = {http://adsabs.harvard.edu/abs/1974ADNDT..14..177C},
  adsnote = {Provided by the SAO/NASA Astrophysics Data System}
}

@ARTICLE{1975CoPhC...9..141H,
   author = {{Hibbert}, A.},
    title = "{CIV3 {mdash} A general program to calculate configuration interaction wave functions and electric-dipole oscillator strengths}",
  journal = {\comp},
     year = 1975,
    month = mar,
   volume = 9,
    pages = {141-172},
      doi = {10.1016/0010-4655(75)90103-4},
   adsurl = {http://adsabs.harvard.edu/abs/1975CoPhC...9..141H},
  adsnote = {Provided by the SAO/NASA Astrophysics Data System}
}

@ARTICLE{1990JPCRD..19..821M,
   author = {{Martin}, W.~C. and {Zalubas}, R. and {Musgrove}, A.},
    title = "{Energy Levels of Sulfur, S I Through S XVI}",
  journal = {Journ. Phys. Chem. Ref. Dat.},
     year = 1990,
    month = jul,
   volume = 19,
    pages = {821-880},
      doi = {10.1063/1.555862},
   adsurl = {http://adsabs.harvard.edu/abs/1990JPCRD..19..821M},
  adsnote = {Provided by the SAO/NASA Astrophysics Data System}
}

@ARTICLE{2005ADNDT..89..267G,
   author = {{Gu}, M.~F.},
    title = "{Energies of 1s $^{2}$2l $^{q}$ (1 $\leq$ q $\leq$ 8) states for Z $\leq$ 60 with a combined configuration interaction and many-body perturbation theory approach}",
  journal = {\atdat},
     year = 2005,
    month = mar,
   volume = 89,
    pages = {267-293},
      doi = {10.1016/j.adt.2005.02.004},
   adsurl = {http://adsabs.harvard.edu/abs/2005ADNDT..89..267G},
  adsnote = {Provided by the SAO/NASA Astrophysics Data System}
}

@ARTICLE{2002PhRvA..65e2510Z,
   author = {{Zheng}, N.~W. and {Zhou}, T. and {Wang}, T. and {Yang}, R.~Y. and 
	{Sun}, Y.~J. and {Wang}, F. and {Chen}, C.~G.},
    title = "{Ground-state atomic ionization energies for Z=2-18 and up to 18 electrons}",
  journal = {\pra},
 keywords = {Ionization potentials electron affinities, Semi-empirical and empirical calculations},
     year = 2002,
    month = may,
   volume = 65,
   number = 5,
      eid = {052510},
    pages = {052510},
      doi = {10.1103/PhysRevA.65.052510},
   adsurl = {http://adsabs.harvard.edu/abs/2002PhRvA..65e2510Z},
  adsnote = {Provided by the SAO/NASA Astrophysics Data System}
}

@ARTICLE{1980CoPhC..21..207G,
   author = {{Grant}, I.~P. and {McKenzie}, B.~J. and {Norrington}, P.~H. and 
	{Mayers}, D.~F. and {Pyper}, N.~C.},
    title = "{An atomic multiconfigurational Dirac-Fock package}",
  journal = {\comp},
     year = 1980,
    month = dec,
   volume = 21,
    pages = {207-231},
      doi = {10.1016/0010-4655(80)90041-7},
   adsurl = {http://adsabs.harvard.edu/abs/1980CoPhC..21..207G},
  adsnote = {Provided by the SAO/NASA Astrophysics Data System}
}

@ARTICLE{1996JPhB...29.4529Q,
   author = {{Quigley}, L. and {Berrington}, K.},
    title = "{The QB method: analysing resonances using R-matrix theory. Applications to ?, He and Li}",
  journal = {\jphysb},
     year = 1996,
    month = oct,
   volume = 29,
    pages = {4529-4542},
      doi = {10.1088/0953-4075/29/20/011},
   adsurl = {http://adsabs.harvard.edu/abs/1996JPhB...29.4529Q},
  adsnote = {Provided by the SAO/NASA Astrophysics Data System}
}


@ARTICLE{1998CoPhC.114..225Q,
   author = {{Quigley}, L. and {Berrington}, K. and {Pelan}, J.},
    title = "{The QB program: Analysing resonances using R-matrix theory}",
  journal = {\comp},
     year = 1998,
    month = nov,
   volume = 114,
    pages = {225-235},
      doi = {10.1016/S0010-4655(98)00059-9},
   adsurl = {http://adsabs.harvard.edu/abs/1998CoPhC.114..225Q},
  adsnote = {Provided by the SAO/NASA Astrophysics Data System}
}

@ARTICLE{1999ADNDT..71..117B,
   author = {{Bi{\'e}mont}, E. and {Fr{\'e}mat}, Y. and {Quinet}, P.},
    title = "{Ionization Potentials of Atoms and Ions from Lithium to Tin (Z = 50)}",
  journal = {\atdat},
     year = 1999,
   volume = 71,
    pages = {117},
      doi = {10.1006/adnd.1998.0803},
   adsurl = {http://adsabs.harvard.edu/abs/1999ADNDT..71..117B},
  adsnote = {Provided by the SAO/NASA Astrophysics Data System}
}

@ARTICLE{2004ADNDT..87....1F,
   author = {{Froese Fischer}, C. and {Tachiev}, G.},
    title = "{Breit-Pauli energy levels, lifetimes, and transition probabilities for the beryllium-like to neon-like sequences}",
  journal = {\atdat},
     year = 2004,
    month = may,
   volume = 87,
    pages = {1-184},
      doi = {10.1016/j.adt.2004.02.001},
   adsurl = {http://adsabs.harvard.edu/abs/2004ADNDT..87....1F},
  adsnote = {Provided by the SAO/NASA Astrophysics Data System}
}

@ARTICLE{1980ApJ...240...99B,
   author = {{Barker}, T.},
    title = "{The ionization structure of the ring nebula. I - Sulfur and argon}",
  journal = {\apj},
 keywords = {Argon, Gas Ionization, Line Spectra, Planetary Nebulae, Spectral Energy Distribution, Sulfur, Abundance, Gas Density, Gas Temperature, Image Dissector Tubes, Stellar Mass, Tables (Data), Telescopes, Wavelengths},
     year = 1980,
    month = aug,
   volume = 240,
    pages = {99-104},
      doi = {10.1086/158210},
   adsurl = {http://adsabs.harvard.edu/abs/1980ApJ...240...99B},
  adsnote = {Provided by the SAO/NASA Astrophysics Data System}
}

@ARTICLE{1987ApJS...65..405A,
   author = {{Aller}, L.~H. and {Keyes}, C.~D.},
    title = "{A spectroscopic survey of 51 planetary nebulae}",
  journal = {\apjs},
 keywords = {Abundance, Astronomical Spectroscopy, Planetary Nebulae, Astronomical Catalogs, Galactic Nuclei, Interstellar Matter, Plasma Diagnostics},
     year = 1987,
    month = nov,
   volume = 65,
    pages = {405-428},
      doi = {10.1086/191230},
   adsurl = {http://adsabs.harvard.edu/abs/1987ApJS...65..405A},
  adsnote = {Provided by the SAO/NASA Astrophysics Data System}
}

@ARTICLE{2012PhRvA..85d3408B,
   author = {{Blancard}, C. and {Coss{\'e}}, P. and {Faussurier}, G. and
        {Bizau}, J.-M. and {Cubaynes}, D. and {El Hassan}, N. and {Guilbaud}, S. and
        {Al Shorman}, M.~M. and {Robert}, E. and {Liu}, X.-J. and {Nicolas}, C. and
        {Miron}, C.},
    title = "{L-shell photoionization of Ar$^{+}$ to Ar$^{3+}$ ions}",
  journal = {\pra},
 keywords = {Photoionization of atoms and ions, Autoionization},
     year = 2012,
    month = apr,
   volume = 85,
   number = 4,
      eid = {043408},
    pages = {043408},
      doi = {10.1103/PhysRevA.85.043408},
   adsurl = {http://adsabs.harvard.edu/abs/2012PhRvA..85d3408B},
  adsnote = {Provided by the SAO/NASA Astrophysics Data System}
}

@BOOK{2011rmta.book.....B,
   author = {{Burke}, P.~G.},
    title = "{R-Matrix Theory of Atomic Collisions}",
 keywords = {Physics},
booktitle = {R-Matrix Theory of Atomic Collisions: Application to Atomic, Molecular and Optical Processes.},
     year = 2011,
      doi = {10.1007/978-3-642-15931-2},
   adsurl = {http://adsabs.harvard.edu/abs/2011rmta.book.....B},
  adsnote = {Provided by the SAO/NASA Astrophysics Data System},
publisher = {Berlin Heidelberg: Springer-Verlag}
}

@ARTICLE{1962PhRv..128..681C,
   author = {{Cooper}, J.~W.},
    title = "{Photoionization from Outer Atomic Subshells. A Model Study}",
  journal = {Phys. Rev.},
     year = 1962,
    month = oct,
   volume = 128,
    pages = {681-693},
      doi = {10.1103/PhysRev.128.681},
   adsurl = {http://adsabs.harvard.edu/abs/1962PhRv..128..681C},
  adsnote = {Provided by the SAO/NASA Astrophysics Data System}
}

@ARTICLE{2011PhRvA..84a3413C,
   author = {{Covington}, A.~M. and {Aguilar}, A. and {Covington}, I.~R. and
        {Hinojosa}, G. and {Shirley}, C.~A. and {Phaneuf}, R.~A. and
        {{\'A}lvarez}, I. and {Cisneros}, C. and {Dominguez-Lopez}, I. and
        {Sant'Anna}, M.~M. and {Schlachter}, A.~S. and {Ballance}, C.~P. and
        {McLaughlin}, B.~M.},
    title = "{Valence-shell photoionization of chlorinelike Ar$^{+}$ ions}",
  journal = {\pra},
 keywords = {Photoionization of atoms and ions, Autoionization, Rydberg states},
     year = 2011,
    month = jul,
   volume = 84,
   number = 1,
      eid = {013413},
    pages = {013413},
      doi = {10.1103/PhysRevA.84.013413},
   adsurl = {http://adsabs.harvard.edu/abs/2011PhRvA..84a3413C},
  adsnote = {Provided by the SAO/NASA Astrophysics Data System}
}

@ARTICLE{2006ADNDT..92..607F,
   author = {{Froese Fischer}, C. and {Tachiev}, G. and {Irimia}, A.},
    title = "{Relativistic energy levels, lifetimes, and transition probabilities for the sodium-like to argon-like sequences}",
  journal = {\atdat},
     year = 2006,
    month = sep,
   volume = 92,
    pages = {607-812},
      doi = {10.1016/j.adt.2006.03.001},
   adsurl = {http://adsabs.harvard.edu/abs/2006ADNDT..92..607F},
  adsnote = {Provided by the SAO/NASA Astrophysics Data System}
}

@ARTICLE{2011JPhB...44q5208G,
   author = {{Gharaibeh}, M.~F. and {Bizau}, J.~M. and {Cubaynes}, D. and
        {Guilbaud}, S. and {El Hassan}, N. and {Shorman}, M.~M.~A. and
        {Miron}, C. and {Nicolas}, C. and {Robert}, E. and {Blancard}, C. and
        {McLaughlin}, B.~M.},
    title = "{K-shell photoionization of singly ionized atomic nitrogen: experiment and theory}",
  journal = {\jphysb},
     year = 2011,
    month = sep,
   volume = 44,
   number = 17,
      eid = {175208},
    pages = {175208},
      doi = {10.1088/0953-4075/44/17/175208},
   adsurl = {http://adsabs.harvard.edu/abs/2011JPhB...44q5208G},
  adsnote = {Provided by the SAO/NASA Astrophysics Data System}
}


@ARTICLE{2009MNRAS.396.1308G,
   author = {{Gull}, T.~R. and {Nielsen}, K.~E. and {Corcoran}, M.~F. and
        {Madura}, T.~I. and {Owocki}, S.~P. and {Russell}, C.~M.~P. and
        {Hillier}, D.~J. and {Hamaguchi}, K. and {Kober}, G.~V. and
        {Weis}, K. and {Stahl}, O. and {Okazaki}, A.~T.},
    title = "{The extended interacting wind structure of Eta Carinae}",
  journal = {\mnras},
 keywords = {binaries: spectroscopic , stars: individual: Eta Carinae , stars: winds, outflows},
     year = 2009,
    month = jul,
   volume = 396,
    pages = {1308-1328},
      doi = {10.1111/j.1365-2966.2009.14854.x},
   adsurl = {http://adsabs.harvard.edu/abs/2009MNRAS.396.1308G},
  adsnote = {Provided by the SAO/NASA Astrophysics Data System}
}

@ARTICLE{1987JPhB...20..693H,
   author = {{Hansen}, J.~E. and {Persson}, W.},
    title = "{A revised analysis of the spectrum of Ar III}",
  journal = {\jphysb},
     year = 1987,
    month = feb,
   volume = 20,
    pages = {693-706},
      doi = {10.1088/0022-3700/20/4/010},
   adsurl = {http://adsabs.harvard.edu/abs/1987JPhB...20..693H},
  adsnote = {Provided by the SAO/NASA Astrophysics Data System}
}

@ARTICLE{2013PhRvL.110k3002H,
   author = {{Huttula}, S.-M. and {Lablanquie}, P. and {Andric}, L. and {Palaudoux}, J. and
        {Huttula}, M. and {Sheinerman}, S. and {Shigemasa}, E. and {Hikosaka}, Y. and
        {Ito}, K. and {Penent}, F.},
    title = "{Decay of a 2p Inner-Shell Hole in an Ar$^{+}$ Ion}",
  journal = {Phys. Rev. Lett.},
 keywords = {Photoionization of atoms and ions, Excitation energies and lifetimes, oscillator strengths, Auger effect and inner-shell excitation or ionization},
     year = 2013,
    month = mar,
   volume = 110,
   number = 11,
      eid = {113002},
    pages = {113002},
      doi = {10.1103/PhysRevLett.110.113002},
   adsurl = {http://adsabs.harvard.edu/abs/2013PhRvL.110k3002H},
  adsnote = {Provided by the SAO/NASA Astrophysics Data System}
}

@ARTICLE{2012A&A...546A..28J,
   author = {{Jerkstrand}, A. and {Fransson}, C. and {Maguire}, K. and {Smartt}, S. and
        {Ergon}, M. and {Spyromilio}, J.},
    title = "{The progenitor mass of the Type IIP supernova SN 2004et from late-time spectral modeling}",
  journal = {\astap},
 keywords = {supernovae: general, supernovae: individual: SN 2004et, line: formation, line: identification, radiative transfer},
     year = 2012,
    month = oct,
   volume = 546,
      eid = {A28},
    pages = {A28},
      doi = {10.1051/0004-6361/201219528},
   adsurl = {http://adsabs.harvard.edu/abs/2012A%26A...546A..28J},
  adsnote = {Provided by the SAO/NASA Astrophysics Data System}
}

@ARTICLE{2001ApJS..135..285K,
   author = {{Kjeldsen}, H. and {Hansen}, J.~E. and {Folkmann}, F. and {Knudsen}, H. and
        {West}, J.~B. and {Andersen}, T.},
    title = "{The Absolute Cross Section for L-Shell Photoionization of C$^{+}$ Ions from Threshold to 105 eV}",
  journal = {\apjs},
 keywords = {Atomic Data, Atomic Processes},
     year = 2001,
    month = aug,
   volume = 135,
    pages = {285-295},
      doi = {10.1086/321787},
   adsurl = {http://adsabs.harvard.edu/abs/2001ApJS..135..285K},
  adsnote = {Provided by the SAO/NASA Astrophysics Data System}
}

@ARTICLE{2008ApJ...680..398L,
   author = {{Lebouteiller}, V. and {Bernard-Salas}, J. and {Brandl}, B. and
        {Whelan}, D.~G. and {Wu}, Y. and {Charmandaris}, V. and {Devost}, D. and
        {Houck}, J.~R.},
    title = "{Chemical Composition and Mixing in Giant H II Regions: NGC 3603, 30 Doradus, and N66}",
  journal = {\apj},
 keywords = {ISM: H II Regions, Infrared: ISM, ISM: Atoms, ISM: Individual: NGC Number: NGC 3603, ISM: Individual: Name: 30 Doradus, ISM: Individual: Alphanumeric: N66},
     year = 2008,
    month = jun,
   volume = 680,
    pages = {398-419},
      doi = {10.1086/587503},
   adsurl = {http://adsabs.harvard.edu/abs/2008ApJ...680..398L},
  adsnote = {Provided by the SAO/NASA Astrophysics Data System}
}

@ARTICLE{2000BrJPh..30..386L,
   author = {{Luna}, F.~R.~T. and {Bredice}, F. and {Cavalcanti}, G.~H. and
        {Trigueiros}, A.~G.},
    title = "{Atomic Transitions for the Doubly Ionized Argon Spectrum, Ar III}",
  journal = {\braph},
     year = 2000,
    month = jun,
   volume = 30,
    pages = {386-391},
   adsurl = {http://adsabs.harvard.edu/abs/2000BrJPh..30..386L},
  adsnote = {Provided by the SAO/NASA Astrophysics Data System}
}

@ARTICLE{2001JQSRT..69..171L,
   author = {{Luna}, F.~R.~T. and {Bredice}, F. and {Cavalcanti}, G.~H. and
        {Trigueiros}, A.~G.},
    title = "{Weighted oscillator strengths and lifetimes for the Ar III spectrum}",
  journal = {\jqsrt},
     year = 2001,
    month = apr,
   volume = 69,
    pages = {171-188},
      doi = {10.1016/S0022-4073(00)00075-3},
   adsurl = {http://adsabs.harvard.edu/abs/2001JQSRT..69..171L},
  adsnote = {Provided by the SAO/NASA Astrophysics Data System}
}

@ARTICLE{2002JPhB...35L.137M,
   author = {{M{\"u}ller}, A. and {Phaneuf}, R.~A. and {Aguilar}, A. and
        {Gharaibeh}, M.~F. and {Schlachter}, A.~S. and {Alvarez}, I. and
        {Cisneros}, C. and {Hinojosa}, G. and {McLaughlin}, B.~M.},
    title = "{LETTER TO THE EDITOR:  Photoionization of C$^{2+}$ ions: time-reversed recombination of C$^{3+}$ with electrons}",
  journal = {\jphysb},
     year = 2002,
    month = apr,
   volume = 35,
    pages = {L137-L143},
      doi = {10.1088/0953-4075/35/7/101},
   adsurl = {http://adsabs.harvard.edu/abs/2002JPhB...35L.137M},
  adsnote = {Provided by the SAO/NASA Astrophysics Data System}
}

@ARTICLE{2010JPhB...43m5602M,
   author = {{M{\"u}ller}, A. and {Schippers}, S. and {Phaneuf}, R.~A. and
        {Scully}, S.~W.~J. and {Aguilar}, A. and {Cisneros}, C. and
        {Gharaibeh}, M.~F. and {Schlachter}, A.~S. and {McLaughlin}, B.~M.
        },
    title = "{K-shell photoionization of ground-state Li-like boron ions [B$^{2 +}$]: experiment and theory}",
  journal = {\jphysb},
     year = 2010,
    month = jul,
   volume = 43,
   number = 13,
      eid = {135602},
    pages = {135602},
      doi = {10.1088/0953-4075/43/13/135602},
   adsurl = {http://adsabs.harvard.edu/abs/2010JPhB...43m5602M},
  adsnote = {Provided by the SAO/NASA Astrophysics Data System}
}


@ARTICLE{2009JPhB...42w5602M,
   author = {{M{\"u}ller}, A. and {Schippers}, S. and {Phaneuf}, R.~A. and
        {Scully}, S.~W.~J. and {Aguilar}, A. and {Covington}, A.~M. and
        {{\'A}lvarez}, I. and {Cisneros}, C. and {Emmons}, E.~D. and
        {Gharaibeh}, M.~F. and {Hinojosa}, G. and {Schlachter}, A.~S. and
        {McLaughlin}, B.~M.},
    title = "{K-shell photoionization of ground-state Li-like carbon ions [C$^{3+}$]: experiment, theory and comparison with time-reversed photorecombination}",
  journal = {\jphysb},
     year = 2009,
    month = dec,
   volume = 42,
   number = 23,
      eid = {235602},
    pages = {235602},
      doi = {10.1088/0953-4075/42/23/235602},
   adsurl = {http://adsabs.harvard.edu/abs/2009JPhB...42w5602M},
  adsnote = {Provided by the SAO/NASA Astrophysics Data System}
}

@ARTICLE{2009A&A...500.1253M,
   author = {{Munoz Burgos}, J.~M. and {Loch}, S.~D. and {Ballance}, C.~P. and
        {Boivin}, R.~F.},
    title = "{Electron-impact excitation of Ar$^{2+}$}",
  journal = {\astap},
 keywords = {atomic data, atomic processes, ISM: planetary nebulae: general},
     year = 2009,
    month = jun,
   volume = 500,
    pages = {1253-1261},
      doi = {10.1051/0004-6361/200911743},
   adsurl = {http://adsabs.harvard.edu/abs/2009A%26A...500.1253M},
  adsnote = {Provided by the SAO/NASA Astrophysics Data System}
}

@ARTICLE{1996CoPhC..94..249P,
   author = {{Parpia}, F.~A. and {Froese Fischer}, C. and {Grant}, I.~P.},
    title = "{GRASP92: A package for large-scale relativistic atomic structure calculations}",
  journal = {\comp},
     year = 1996,
    month = apr,
   volume = 94,
    pages = {249-271},
      doi = {10.1016/0010-4655(95)00136-0},
   adsurl = {http://adsabs.harvard.edu/abs/1996CoPhC..94..249P},
  adsnote = {Provided by the SAO/NASA Astrophysics Data System}
}

@article{PINNINGTON:71,
   author = {{Pinnington}, E.~H. and {Curnutte}, B. and {Dufay}, M.},
  journal = {J. Opt. Soc. Am.},
 keywords = {},
   number = {7},
publisher = {OSA},
    title = "{Argon Spectrum between 500 and 1000 {\AA} Produced by Beam-Foil Excitation}",
   volume = {61},
   pages = {978-980},
    month = {Jul},
     year = {1971},
      url = {http://www.osapublishing.org/abstract.cfm?URI=josa-61-7-978},
      doi = {10.1364/JOSA.61.000978}
}


@ARTICLE{2010JPCRD..39c3101S,
   author = {{Saloman}, E.~B.},
    title = "{Energy Levels and Observed Spectral Lines of Ionized Argon, Ar II through Ar XVIII}",
  journal = {\jphyschem},
 keywords = {paper, Handbooks dictionaries tables and data compilations, Atomic spectra, Ionization potentials electron affinities},
     year = 2010,
    month = sep,
   volume = 39,
   number = 3,
    pages = {033101},
      doi = {10.1063/1.3337661},
   adsurl = {http://adsabs.harvard.edu/abs/2010JPCRD..39c3101S},
  adsnote = {Provided by the SAO/NASA Astrophysics Data System}
}


@ARTICLE{2012EPJD...66...84S,
   author = {{Stancalie}, V. and {Pais}, V.~F. and {Mihailescu}, A.},
    title = "{Fine-structure splitting calculation in the Ar III ion: comparison of perturbative (Breit-Pauli) and non-perturbative (MCDF-EAL) predictions}",
  journal = {\europhys},
 keywords = {Atomic Physics},
     year = 2012,
    month = mar,
   volume = 66,
      eid = {84},
    pages = {84},
      doi = {10.1140/epjd/e2012-20665-8},
   adsurl = {http://adsabs.harvard.edu/abs/2012EPJD...66...84S},
  adsnote = {Provided by the SAO/NASA Astrophysics Data System}
}

@ARTICLE{2006A&A...454L.127S,
   author = {{Stasi{\'n}ska}, G.},
    title = "{[Ar III]/[O III] and [S III]/[O III]: well-behaved oxygen abundance indicators for HII regions and star forming galaxies}",
  journal = {\astap},
 keywords = {galaxies: abundances, galaxies: ISM, ISM: abundances, ISM: HII regions},
     year = 2006,
    month = aug,
   volume = 454,
    pages = {L127-L130},
      doi = {10.1051/0004-6361:20065516},
   adsurl = {http://adsabs.harvard.edu/abs/2006A%26A...454L.127S},
  adsnote = {Provided by the SAO/NASA Astrophysics Data System}
}


@ARTICLE{1974CoPhC...8..270E,
   author = {{Eissner}, W. and {Jones}, M. and {Nussbaumer}, H.},
    title = "{Techniques for the calculation of atomic structures and radiative data including relativistic corrections}",
  journal = {\comp},
     year = 1974,
    month = nov,
   volume = 8,
    pages = {270-306},
      doi = {10.1016/0010-4655(74)90019-8},
   adsurl = {http://adsabs.harvard.edu/abs/1974CoPhC...8..270E},
  adsnote = {Provided by the SAO/NASA Astrophysics Data System}
}

@ARTICLE{1991CoPhC..64..455H,
   author = {{Hibbert}, A. and {Glass}, R. and {Froese Fischer}, C.},
    title = "{A general program for computing angular integrals of the Breit-Pauli Hamiltonian}",
  journal = {\comp},
     year = 1991,
    month = jun,
   volume = 64,
    pages = {455-472},
      doi = {10.1016/0010-4655(91)90138-B},
   adsurl = {http://adsabs.harvard.edu/abs/1991CoPhC..64..455H},
  adsnote = {Provided by the SAO/NASA Astrophysics Data System}
}

@ARTICLE{2005JPhB...38.1667B,
   author = {{Berrington}, K.~A. and {Ballance}, C.~P. and {Griffin}, D.~C. and
        {Badnell}, N.~R.},
    title = "{The agreement of Breit Pauli and Dirac R-matrix collision strengths for iron peak elements: an Fe$^{14+}$ case study}",
  journal = {\jphysb},
     year = 2005,
    month = jun,
   volume = 38,
    pages = {1667-1678},
      doi = {10.1088/0953-4075/38/11/008},
   adsurl = {http://adsabs.harvard.edu/abs/2005JPhB...38.1667B},
  adsnote = {Provided by the SAO/NASA Astrophysics Data System}
}

@ARTICLE{1976MNRAS.174P..59T,
   author = {{Thackeray}, A.~D.},
    title = "{Cobalt in Eta Carinae.}",
  journal = {\mnras},
     year = 1976,
    month = feb,
   volume = 174,
    pages = {59P-62P},
   adsurl = {http://adsabs.harvard.edu/abs/1976MNRAS.174P..59T},
  adsnote = {Provided by the SAO/NASA Astrophysics Data System}
}

@ARTICLE{1989MNRAS.238..193M,
   author = {{Meikle}, W.~P.~S. and {Spyromilio}, J. and {Varani}, G.~F. and 
	{Allen}, D.~A.},
    title = "{Spectroscopy of supernova 1987A at 1-5 microns. I - The first year}",
  journal = {\mnras},
 keywords = {Infrared Astronomy, Line Spectra, Stellar Spectra, Supernova 1987a, Absorption Spectra, Emission Spectra, Red Shift},
     year = 1989,
    month = may,
   volume = 238,
    pages = {193-223},
   adsurl = {http://adsabs.harvard.edu/abs/1989MNRAS.238..193M},
  adsnote = {Provided by the SAO/NASA Astrophysics Data System}
}

@ARTICLE{1993ApJ...419..824L,
   author = {{Li}, H. and {McCray}, R. and {Sunyaev}, R.~A.},
    title = "{Iron, Cobalt, and Nickel in SN 1987A}",
  journal = {\apj},
 keywords = {LINE: FORMATION, STARS: SUPERNOVAE: INDIVIDUAL ALPHANUMERIC: SN 1987A, ISM: SUPERNOVA REMNANTS},
     year = 1993,
    month = dec,
   volume = 419,
    pages = {824},
      doi = {10.1086/173534},
   adsurl = {http://adsabs.harvard.edu/abs/1993ApJ...419..824L},
  adsnote = {Provided by the SAO/NASA Astrophysics Data System}
}

@INPROCEEDINGS{1995ASPC...78..291R,
   author = {{Ruiz-Lapuente}, P.},
    title = "{Calculated Late-time Spectra of Type IA Supernovae: Atomic Needs and Astrophysical Interest}",
    booktitle = {Calculated Late-time Spectra of Type IA Supernovae: Atomic Needs and Astrophysical Interest},
     year = 1995,
   series = {Astron. Soc. Pac. Conf. Ser.},
   volume = 78,
    pages = {291},
   adsurl = {http://adsabs.harvard.edu/abs/1995ASPC...78..291R},
  adsnote = {Provided by the SAO/NASA Astrophysics Data System}
}

@ARTICLE{2011Ap&SS.336...87H,
   author = {{Hillier}, D.~J.},
    title = "{The atomic physics underlying the spectroscopic analysis of massive stars and supernovae}",
  journal = {\apss},
 keywords = {Radiative transfer, Atomic data, Atomic processes, Stars: winds, outflows, early-type, Supernovae: general},
     year = 2011,
    month = nov,
   volume = 336,
    pages = {87-93},
      doi = {10.1007/s10509-010-0590-9},
   adsurl = {http://adsabs.harvard.edu/abs/2011Ap%26SS.336...87H},
  adsnote = {Provided by the SAO/NASA Astrophysics Data System}
}

@ARTICLE{1995ApJ...439...60R,
   author = {{Ruiz-Lapuente}, P. and {Kirshner}, R.~P. and {Phillips}, M.~M. and 
	{Challis}, P.~M. and {Schmidt}, B.~P. and {Filippenko}, A.~V. and 
	{Wheeler}, J.~C.},
    title = "{Late-time spectra and type IA supernova models: New clues from the Hubble Space Telescope}",
  journal = {\apj},
 keywords = {Astronomical Models, Comparison, Supernovae, Ultraviolet Spectra, Distance, Hubble Space Telescope, Interstellar Extinction, Light Curve, Luminosity, Mathematical Models, Spectrum Analysis},
     year = 1995,
    month = jan,
   volume = 439,
    pages = {60-73},
      doi = {10.1086/175151},
   adsurl = {http://adsabs.harvard.edu/abs/1995ApJ...439...60R},
  adsnote = {Provided by the SAO/NASA Astrophysics Data System}
}

@ARTICLE{1997MNRAS.290..663B,
   author = {{Bowers}, E.~J.~C. and {Meikle}, W.~P.~S. and {Geballe}, T.~R. and 
	{Walton}, N.~A. and {Pinto}, P.~A. and {Dhillon}, V.~S. and 
	{Howell}, S.~B. and {Harrop-Allin}, M.~K.},
    title = "{Infrared and optical spectroscopy of Type IA supernovae in the nebular phase}",
  journal = {\mnras},
 keywords = {STARS: GENERAL, SUPERNOVAE: GENERAL, INFRARED: STARS},
     year = 1997,
    month = oct,
   volume = 290,
    pages = {663-679},
   adsurl = {http://adsabs.harvard.edu/abs/1997MNRAS.290..663B},
  adsnote = {Provided by the SAO/NASA Astrophysics Data System}
}

@ARTICLE{1997MNRAS.284..151M,
   author = {{Mazzali}, P.~A. and {Chugai}, N. and {Turatto}, M. and {Lucy}, L.~B. and 
	{Danziger}, I.~J. and {Cappellaro}, E. and {della Valle}, M. and 
	{Benetti}, S.},
    title = "{The properties of the peculiar type IA supernova 1991bg - II. The amount of \^{}56Ni and the total ejecta mass determined from spectrum synthesis and energetics considerations}",
  journal = {\mnras},
 keywords = {LINE: FORMATION, LINE: IDENTIFICATION, NUCLEAR REACTIONS, NUCLEOSYNTHESIS, ABUNDANCES, STARS: ABUNDANCES, SUPERNOVAE: INDIVIDUAL: SN 1991BG},
     year = 1997,
    month = jan,
   volume = 284,
    pages = {151-171},
   adsurl = {http://adsabs.harvard.edu/abs/1997MNRAS.284..151M},
  adsnote = {Provided by the SAO/NASA Astrophysics Data System}
}

@ARTICLE{1998A&AS..129..147Q,
   author = {{Quinet}, P.},
    title = "{Radiative transition probabilities for forbidden lines in singly ionized cobalt (Co II)}",
  journal = {\aaps},
 keywords = {ATOMIC DATA, SUPERNOVAE: GENERAL},
     year = 1998,
    month = apr,
   volume = 129,
    pages = {147-154},
      doi = {10.1051/aas:1998176},
   adsurl = {http://adsabs.harvard.edu/abs/1998A%26AS..129..147Q},
  adsnote = {Provided by the SAO/NASA Astrophysics Data System}
}

@ARTICLE{1998A&AS..130..541R,
   author = {{Raassen}, A.~J.~J. and {Pickering}, J.~C. and {Uylings}, P.~H.~M.
	},
    title = "{Calculated oscillator strengths of singly ionized cobalt}",
  journal = {\aaps},
 keywords = {ATOMIC DATA, ISM: ABUNDANCES, STARS: CHEMICALLY PECULIAR, SUPERNOVAE},
     year = 1998,
    month = jun,
   volume = 130,
    pages = {541-549},
      doi = {10.1051/aas:1998242},
   adsurl = {http://adsabs.harvard.edu/abs/1998A%26AS..130..541R},
  adsnote = {Provided by the SAO/NASA Astrophysics Data System}
}

@ARTICLE{2010MNRAS.401.1334B,
   author = {{Bergemann}, M. and {Pickering}, J.~C. and {Gehren}, T.},
    title = "{NLTE analysis of CoI/CoII lines in spectra of cool stars with new laboratory hyperfine splitting constants}",
  journal = {\mnras},
 keywords = {atomic data, line: formation, line: profiles, stars: abundances},
     year = 2010,
    month = jan,
   volume = 401,
    pages = {1334-1346},
      doi = {10.1111/j.1365-2966.2009.15736.x},
   adsurl = {http://adsabs.harvard.edu/abs/2010MNRAS.401.1334B},
  adsnote = {Provided by the SAO/NASA Astrophysics Data System}
}

@ARTICLE{2012MNRAS.426.1671L,
   author = {{Li}, C. and {Hillier}, D.~J. and {Dessart}, L.},
    title = "{Non-thermal excitation and ionization in supernovae}",
  journal = {\mnras},
 keywords = {radiation mechanisms: non-thermal, stars: atmospheres, stars: evolution, supernovae: general supernovae: individual: SN 1987A},
     year = 2012,
    month = oct,
   volume = 426,
    pages = {1671-1686},
      doi = {10.1111/j.1365-2966.2012.21198.x},
   adsurl = {http://adsabs.harvard.edu/abs/2012MNRAS.426.1671L},
  adsnote = {Provided by the SAO/NASA Astrophysics Data System}
}

@ARTICLE{2012A&A...548A.109Z,
   author = {{Ziegler}, M. and {Rauch}, T. and {Werner}, K. and {K{\"o}ppen}, J. and 
	{Kruk}, J.~W.},
    title = "{BD-22{\deg}3467, a DAO-type star exciting the nebula Abell 35}",
  journal = {\aap},
 keywords = {stars: abundances, stars: atmospheres, stars: evolution, stars: individual: BD-22 3467, white dwarfs, planetary nebulae: individual: A66 35},
     year = 2012,
    month = dec,
   volume = 548,
      eid = {A109},
    pages = {A109},
      doi = {10.1051/0004-6361/201219536},
   adsurl = {http://adsabs.harvard.edu/abs/2012A%26A...548A.109Z},
  adsnote = {Provided by the SAO/NASA Astrophysics Data System}
}

@ARTICLE{2014MNRAS.439.3114D,
   author = {{Dessart}, L. and {Hillier}, D.~J. and {Blondin}, S. and {Khokhlov}, A.
	},
    title = "{[Co III] versus Na I D in Type Ia supernova spectra}",
  journal = {\mnras},
 keywords = {radiative transfer, supernovae: general, supernovae: individual: 2005cf, white dwarfs},
     year = 2014,
    month = apr,
   volume = 439,
    pages = {3114-3120},
      doi = {10.1093/mnras/stu174},
   adsurl = {http://adsabs.harvard.edu/abs/2014MNRAS.439.3114D},
  adsnote = {Provided by the SAO/NASA Astrophysics Data System}
}

@ARTICLE{2014MNRAS.441.3249D,
   author = {{Dessart}, L. and {Hillier}, D.~J. and {Blondin}, S. and {Khokhlov}, A.
	},
    title = "{Critical ingredients of Type Ia supernova radiative-transfer modelling}",
  journal = {\mnras},
 keywords = {radiative transfer, supernovae: general, supernovae: individual: 2005cf, white dwarfs},
     year = 2014,
    month = jul,
   volume = 441,
    pages = {3249-3270},
      doi = {10.1093/mnras/stu789},
   adsurl = {http://adsabs.harvard.edu/abs/2014MNRAS.441.3249D},
  adsnote = {Provided by the SAO/NASA Astrophysics Data System}
}

@ARTICLE{2007A&A...475..765R,
   author = {{Ramsbottom}, C.~A. and {Hudson}, C.~E. and {Norrington}, P.~H. and 
	{Scott}, M.~P.},
    title = "{Electron-impact excitation of Fe II. Collision strengths and effective collision strengths for low-lying fine-structure forbidden transitions}",
  journal = {\aap},
 keywords = {atomic data, atomic processes, plasmas},
     year = 2007,
    month = nov,
   volume = 475,
    pages = {765-769},
      doi = {10.1051/0004-6361:20078640},
   adsurl = {http://adsabs.harvard.edu/abs/2007A%26A...475..765R},
  adsnote = {Provided by the SAO/NASA Astrophysics Data System}
}

@ARTICLE{2015ApJ...808..174B,
   author = {{Bautista}, M.~A. and {Fivet}, V. and {Ballance}, C. and {Quinet}, P. and 
	{Ferland}, G. and {Mendoza}, C. and {Kallman}, T.~R.},
    title = "{Atomic Data and Spectral Model for Fe II}",
  journal = {\apj},
 keywords = {atomic data, atomic processes, ISM: abundances, line: formation, stars: massive, stars: variables: T Tauri, Herbig Ae/Be},
     year = 2015,
    month = aug,
   volume = 808,
      eid = {174},
    pages = {174},
      doi = {10.1088/0004-637X/808/2/174},
   adsurl = {http://adsabs.harvard.edu/abs/2015ApJ...808..174B},
  adsnote = {Provided by the SAO/NASA Astrophysics Data System}
}

@ARTICLE{2001AJ....122..322Z,
   author = {{Zethson}, T. and {Gull}, T.~R. and {Hartman}, H. and {Johansson}, S. and 
	{Davidson}, K. and {Ishibashi}, K.},
    title = "{Sr II and [Sr II] Emission in the Ejecta of {$\eta$} Carinae}",
  journal = {\aj},
 keywords = {Stars: Circumstellar Matter, stars: individual ({$\eta$} Carinae), Stars: Variables: Other},
     year = 2001,
    month = jul,
   volume = 122,
    pages = {322-326},
      doi = {10.1086/321119},
   adsurl = {http://adsabs.harvard.edu/abs/2001AJ....122..322Z},
  adsnote = {Provided by the SAO/NASA Astrophysics Data System}
}

@ARTICLE{2014MNRAS.438.2924C,
   author = {{Cano}, Z. and {Maeda}, K. and {Schulze}, S.},
    title = "{Type Ib SN 1999dn as an example of the thoroughly mixed ejecta of Ib supernovae}",
  journal = {\mnras},
 keywords = {methods: analytical, methods: data analysis, methods: observational, supernovae: general, supernovae: individual: 1999dn},
     year = 2014,
    month = mar,
   volume = 438,
    pages = {2924-2937},
      doi = {10.1093/mnras/stt2400},
   adsurl = {http://adsabs.harvard.edu/abs/2014MNRAS.438.2924C},
  adsnote = {Provided by the SAO/NASA Astrophysics Data System}
}

@ARTICLE{1997ApJ...479..970C,
   author = {{Carpenter}, K.~G. and {Robinson}, R.~D.},
    title = "{GHRS Observations of Cool Low-Gravity Stars. III. Plasma Flows and Turbulence in the Outer Atmosphere of {$\alpha$} Orionis (M2 Iab)}",
  journal = {\apj},
 keywords = {Stars: Chromospheres, Stars: Individual: Constellation Name: {$\alpha$} Orionis, Stars: Late-Type, Turbulence, Ultraviolet: Stars},
     year = 1997,
    month = apr,
   volume = 479,
    pages = {970-983},
   adsurl = {http://adsabs.harvard.edu/abs/1997ApJ...479..970C},
  adsnote = {Provided by the SAO/NASA Astrophysics Data System}
}

@ARTICLE{1982Obs...102..138D,
   author = {{Dworetsky}, M.~M.},
    title = "{Orbit of the spectroscopic binary cobalt star HR 5049}",
  journal = {Obs.},
     year = 1982,
    month = aug,
   volume = 102,
    pages = {138-141},
   adsurl = {http://adsabs.harvard.edu/abs/1982Obs...102..138D},
  adsnote = {Provided by the SAO/NASA Astrophysics Data System}
}

@ARTICLE{1980A&A....85..138D,
   author = {{Dworetsky}, M.~M. and {Trueman}, M.~R.~G. and {Stickland}, D.~J.
	},
    title = "{Cobalt in the southern magnetic AP star HR 5049}",
  journal = {\aap},
 keywords = {A Stars, Cobalt, Magnetic Stars, Stellar Spectra, Abundance, Atomic Spectra, Radial Velocity},
     year = 1980,
    month = may,
   volume = 85,
    pages = {138-140},
   adsurl = {http://adsabs.harvard.edu/abs/1980A%26A....85..138D},
  adsnote = {Provided by the SAO/NASA Astrophysics Data System}
}

@ARTICLE{1993ApJ...413L..51F,
   author = {{Federman}, S.~R. and {Sheffer}, Y. and {Lambert}, D.~L. and 
	{Gilliland}, R.~L.},
    title = "{Detection of boron, cobalt, and other weak interstellar lines toward Zeta Ophiuchi}",
  journal = {\apjl},
 keywords = {Abundance, Interstellar Matter, Line Spectra, Ultraviolet Spectra, Boron, Cobalt, Depletion, H Ii Regions, Oscillator Strengths, Phosphorus},
     year = 1993,
    month = aug,
   volume = 413,
    pages = {L51-L54},
      doi = {10.1086/186957},
   adsurl = {http://adsabs.harvard.edu/abs/1993ApJ...413L..51F},
  adsnote = {Provided by the SAO/NASA Astrophysics Data System}
}

@ARTICLE{2007ApJ...661..995G,
   author = {{Gerardy}, C.~L. and {Meikle}, W.~P.~S. and {Kotak}, R. and 
	{H{\"o}flich}, P. and {Farrah}, D. and {Filippenko}, A.~V. and 
	{Foley}, R.~J. and {Lundqvist}, P. and {Mattila}, S. and {Pozzo}, M. and 
	{Sollerman}, J. and {Van Dyk}, S.~D. and {Wheeler}, J.~C.},
    title = "{Signatures of Delayed Detonation, Asymmetry, and Electron Capture in the Mid-Infrared Spectra of Supernovae 2003hv and 2005df}",
  journal = {\apj},
 keywords = {Stars: Supernovae: General, supernovae: individual (SN 2003hv), supernovae: individual (SN 2005df)},
     year = 2007,
    month = jun,
   volume = 661,
    pages = {995-1012},
      doi = {10.1086/516728},
   adsurl = {http://adsabs.harvard.edu/abs/2007ApJ...661..995G},
  adsnote = {Provided by the SAO/NASA Astrophysics Data System}
}

@ARTICLE{2015ApJ...806..107D,
   author = {{Diamond}, T.~R. and {Hoeflich}, P. and {Gerardy}, C.~L.},
    title = "{Late-time Near-infrared Observations of SN 2005df}",
  journal = {\apj},
 keywords = {line: identification, magnetic fields, supernovae: individual: SN 2005df},
     year = 2015,
    month = jun,
   volume = 806,
      eid = {107},
    pages = {107},
      doi = {10.1088/0004-637X/806/1/107},
   adsurl = {http://adsabs.harvard.edu/abs/2015ApJ...806..107D},
  adsnote = {Provided by the SAO/NASA Astrophysics Data System}
}

@ARTICLE{1979ApJ...234..506S,
   author = {{Snow}, Jr., T.~P. and {Weiler}, E.~J. and {Oegerle}, W.~R.},
    title = "{New observations of interstellar abundances and depletions of boron, vanadium, chromium, and cobalt}",
  journal = {\apj},
 keywords = {Abundance, Interstellar Matter, Ultraviolet Spectra, Boron, Chromium, Cobalt, Depletion, Far Ultraviolet Radiation, Near Ultraviolet Radiation, Vanadium},
     year = 1979,
    month = dec,
   volume = 234,
    pages = {506-512},
      doi = {10.1086/157523},
   adsurl = {http://adsabs.harvard.edu/abs/1979ApJ...234..506S},
  adsnote = {Provided by the SAO/NASA Astrophysics Data System}
}

@ARTICLE{2015ApJ...798...93T,
   author = {{Telesco}, C.~M. and {H{\"o}flich}, P. and {Li}, D. and {{\'A}lvarez}, C. and 
	{Wright}, C.~M. and {Barnes}, P.~J. and {Fern{\'a}ndez}, S. and 
	{Hough}, J.~H. and {Levenson}, N.~A. and {Mari{\~n}as}, N. and 
	{Packham}, C. and {Pantin}, E. and {Rebolo}, R. and {Roche}, P. and 
	{Zhang}, H.},
    title = "{Mid-IR Spectra of Type Ia SN 2014J in M82 Spanning the First 4 Months}",
  journal = {\apj},
 keywords = {supernovae: general, supernovae: individual: SN 2014J},
     year = 2015,
    month = jan,
   volume = 798,
      eid = {93},
    pages = {93},
      doi = {10.1088/0004-637X/798/2/93},
   adsurl = {http://adsabs.harvard.edu/abs/2015ApJ...798...93T},
  adsnote = {Provided by the SAO/NASA Astrophysics Data System}
}

@ARTICLE{1988A&A...200L..25N,
   author = {{Nussbaumer}, H. and {Storey}, P.~J.},
    title = "{Transition probabilities for infrared lines of Co, NI and A observed in SN 1987A}",
  journal = {\aap},
 keywords = {Forbidden Transitions, Infrared Spectra, Line Spectra, Supernova 1987a, Transition Probabilities, Cobalt, Electron States, Electron Transitions, Iron, Nickel},
     year = 1988,
    month = jul,
   volume = 200,
    pages = {L25-L28},
   adsurl = {http://adsabs.harvard.edu/abs/1988A%26A...200L..25N},
  adsnote = {Provided by the SAO/NASA Astrophysics Data System}
}

@ARTICLE{1992PASJ...44..125S,
   author = {{Sadakane}, K.},
    title = "{A chlorine-cobalt peculiar star HR 1094}",
  journal = {\pasj},
 keywords = {B Stars, Chlorine, Cobalt, Peculiar Stars, Stellar Composition, Line Spectra, Magnetic Stars, Metallicity, Stellar Spectra},
     year = 1992,
    month = apr,
   volume = 44,
    pages = {125-133},
   adsurl = {http://adsabs.harvard.edu/abs/1992PASJ...44..125S},
  adsnote = {Provided by the SAO/NASA Astrophysics Data System}
}

@ARTICLE{1993A&A...274..335S,
   author = {{Smith}, K.~C. and {Dworetsky}, M.~M.},
    title = "{Elemental Abundances in Normal Late B-Stars and Hgmn-Stars from Co-Added IUE Spectra - Part One - Iron Peak Elements}",
  journal = {\aap},
 keywords = {stars: abundances, stars: atmospheres, stars: chemically peculiar, stars: early-type, ultraviolet: stars},
     year = 1993,
    month = jul,
   volume = 274,
    pages = {335},
   adsurl = {http://adsabs.harvard.edu/abs/1993A%26A...274..335S},
  adsnote = {Provided by the SAO/NASA Astrophysics Data System}
}

@ARTICLE{1982ApJ...260..395C,
   author = {{Cardon}, B.~L. and {Smith}, P.~L. and {Scalo}, J.~M. and {Testerman}, L. and 
	{Whaling}, W.},
    title = "{Absolute oscillator strengths for lines of neutral cobalt between 2276 A and 9357 A and a redetermination of the solar cobalt abundance}",
  journal = {\apj},
 keywords = {Abundance, Cobalt, Electron Oscillations, Solar Spectra, Spectral Line Width, Absorption Spectra, Electron Transitions, Emission Spectra, Metallic Stars, Transition Probabilities},
     year = 1982,
    month = sep,
   volume = 260,
    pages = {395-412},
      doi = {10.1086/160264},
   adsurl = {http://adsabs.harvard.edu/abs/1982ApJ...260..395C},
  adsnote = {Provided by the SAO/NASA Astrophysics Data System}
}

@ARTICLE{2016MNRAS.456.1974S,
   author = {{Storey}, P.~J. and {Zeippen}, C.~J. and {Sochi}, T.},
    title = "{Collision strengths and transition probabilities for Co II infrared forbidden lines}",
  journal = {\mnras},
 keywords = {atomic data, atomic processes, radiation mechanisms: non-thermal, supernovae: general, infrared: general},
     year = 2016,
    month = feb,
   volume = 456,
    pages = {1974-1981},
      doi = {10.1093/mnras/stv2785},
   adsurl = {http://adsabs.harvard.edu/abs/2016MNRAS.456.1974S},
  adsnote = {Provided by the SAO/NASA Astrophysics Data System}
}



@ARTICLE{2016ADNDT.107..140A,
   author = {{Aggarwal}, K.~M. and {Bogdanovich}, P. and {Karpu{\v s}kien{\.e}}, R. and 
	{Keenan}, F.~P. and {Kisielius}, R. and {Stancalie}, V.},
    title = "{Energy levels and radiative rates for transitions in Cr-like Co IV and Ni V}",
  journal = {\atdat},
 keywords = {Cr-like ions, Energy levels, Radiative rates, Oscillator strengths, Line strengths, Lifetimes},
     year = 2016,
    month = jan,
   volume = 107,
    pages = {140-220},
      doi = {10.1016/j.adt.2015.09.002},
   adsurl = {http://adsabs.harvard.edu/abs/2016ADNDT.107..140A},
  adsnote = {Provided by the SAO/NASA Astrophysics Data System}
}

@ARTICLE{1979ApJS...40..815R,
   author = {{Reilman}, R.~F. and {Manson}, S.~T.},
    title = "{Photoabsorption cross sections for positive atomic ions with Z equal to or less than 30}",
  journal = {\apjs},
 keywords = {Absorption Cross Sections, Photoabsorption, Photoionization, Positive Ions, Tables (Data), Astrophysics, Atomic Collisions},
     year = 1979,
    month = aug,
   volume = 40,
    pages = {815-880},
      doi = {10.1086/190605},
   adsurl = {http://adsabs.harvard.edu/abs/1979ApJS...40..815R},
  adsnote = {Provided by the SAO/NASA Astrophysics Data System}
}

@ARTICLE{1993ADNDT..55..233V,
   author = {{Verner}, D.~A. and {Yakovlev}, D.~G. and {Band}, I.~M. and 
	{Trzhaskovskaya}, M.~B.},
    title = "{Subshell Photoionization Cross Sections and Ionization Energies of Atoms and Ions from He to Zn}",
  journal = {\atdat},
     year = 1993,
    month = nov,
   volume = 55,
    pages = {233-280},
      doi = {10.1006/adnd.1993.1022},
   adsurl = {http://adsabs.harvard.edu/abs/1993ADNDT..55..233V},
  adsnote = {Provided by the SAO/NASA Astrophysics Data System}
}

@ARTICLE{2015JPhB...48n4014F,
   author = {{Fontes}, C.~J. and {Zhang}, H.~L. and {Abdallah}, Jr., J. and 
	{Clark}, R.~E.~H. and {Kilcrease}, D.~P. and {Colgan}, J. and 
	{Cunningham}, R.~T. and {Hakel}, P. and {Magee}, N.~H. and {Sherrill}, M.~E.
	},
    title = "{The Los Alamos suite of relativistic atomic physics codes}",
  journal = {\jphysb},
     year = 2015,
    month = jul,
   volume = 48,
   number = 14,
      eid = {144014},
    pages = {144014},
      doi = {10.1088/0953-4075/48/14/144014},
   adsurl = {http://adsabs.harvard.edu/abs/2015JPhB...48n4014F},
  adsnote = {Provided by the SAO/NASA Astrophysics Data System}
}

@BOOK{1985aeli.book.....S,
   author = {{Sugar}, J. and {Corliss}, C.},
    title = "{Atomic energy levels of the iron-period elements: Potassium through Nickel}",
booktitle = {Atomic energy levels of the iron-period elements: Potassium through Nickel},
     year = 1985,
publisher = {Washington: American Chemical Soc.},
   adsurl = {http://adsabs.harvard.edu/abs/1985aeli.book.....S},
  adsnote = {Provided by the SAO/NASA Astrophysics Data System}
}

@ARTICLE{2009JPhB...42w5602M,
   author = {{M{\"u}ller}, A. and {Schippers}, S. and {Phaneuf}, R.~A. and 
	{Scully}, S.~W.~J. and {Aguilar}, A. and {Covington}, A.~M. and 
	{{\'A}lvarez}, I. and {Cisneros}, C. and {Emmons}, E.~D. and 
	{Gharaibeh}, M.~F. and {Hinojosa}, G. and {Schlachter}, A.~S. and 
	{McLaughlin}, B.~M.},
    title = "{K-shell photoionization of ground-state Li-like carbon ions [C$^{3+}$]: experiment, theory and comparison with time-reversed photorecombination}",
  journal = {J. Phys. B},
     year = 2009,
    month = dec,
   volume = 42,
   number = 23,
      eid = {235602},
    pages = {235602},
      doi = {10.1088/0953-4075/42/23/235602},
   adsurl = {http://adsabs.harvard.edu/abs/2009JPhB...42w5602M},
  adsnote = {Provided by the SAO/NASA Astrophysics Data System}
}

@ARTICLE{2015MNRAS.450.4174F,
   author = {{Fern{\'a}ndez-Menchero}, L. and {Del Zanna}, G. and {Badnell}, N.~R.
	},
    title = "{Validity of the ICFT R-matrix method: Be-like Al $^{9+}$ a case study}",
  journal = {\mnras},
 keywords = {atomic data, techniques: spectroscopic, Sun: corona},
     year = 2015,
    month = jul,
   volume = 450,
    pages = {4174-4183},
      doi = {10.1093/mnras/stv887},
   adsurl = {http://adsabs.harvard.edu/abs/2015MNRAS.450.4174F},
  adsnote = {Provided by the SAO/NASA Astrophysics Data System}
}

@ARTICLE{2016MNRAS.456..366T,
   author = {{Tyndall}, N.~B. and {Ramsbottom}, C.~A. and {Ballance}, C.~P. and 
	{Hibbert}, A.},
    title = "{Valence and L-shell photoionization of Cl-like argon using R-matrix techniques}",
  journal = {\mnras},
 keywords = {atomic data, atomic processes, scattering, methods: numerical, ultraviolet: general},
     year = 2016,
    month = feb,
   volume = 456,
    pages = {366-373},
      doi = {10.1093/mnras/stv2637},
   adsurl = {http://adsabs.harvard.edu/abs/2016MNRAS.456..366T},
  adsnote = {Provided by the SAO/NASA Astrophysics Data System}
}

@ARTICLE{2000JPhB...33..313Z,
   author = {{Zatsarinny}, O. and {Froese Fischer}, C.},
    title = "{The use of basis splines and non-orthogonal orbitals in R-matrix calculations: application to Li photoionization}",
  journal = {J. Phys. B: At. Mol. Phys.},
     year = 2000,
    month = feb,
   volume = 33,
    pages = {313-341},
      doi = {10.1088/0953-4075/33/3/303},
   adsurl = {http://adsabs.harvard.edu/abs/2000JPhB...33..313Z},
  adsnote = {Provided by the SAO/NASA Astrophysics Data System}
}

@ARTICLE{2004JPhB...37.4693Z,
   author = {{Zatsarinny}, O. and {Bartschat}, K.},
    title = "{B-spline Breit Pauli R-matrix calculations for electron collisions with argon atoms}",
  journal = {J. Phys. B: At. Mol. Phys.},
     year = 2004,
    month = dec,
   volume = 37,
    pages = {4693-4706},
      doi = {10.1088/0953-4075/37/23/010},
   adsurl = {http://adsabs.harvard.edu/abs/2004JPhB...37.4693Z},
  adsnote = {Provided by the SAO/NASA Astrophysics Data System}
}

@ARTICLE{1998JPhB...31.3713G,
   author = {{Griffin}, D.~C. and {Badnell}, N.~R. and {Pindzola}, M.~S.},
    title = "{$<$B$<$ R$<$/B$<$-matrix electron-impact excitation cross sections in intermediate coupling: an MQDT transformation approach}",
  journal = {J. Phys. B},
     year = 1998,
    month = aug,
   volume = 31,
    pages = {3713-3727},
      doi = {10.1088/0953-4075/31/16/022},
   adsurl = {http://adsabs.harvard.edu/abs/1998JPhB...31.3713G},
  adsnote = {Provided by the SAO/NASA Astrophysics Data System}
}

@ARTICLE{1984ApJ...277..435H,
   author = {{Hansen}, J.~E. and {Raassen}, A.~J.~J. and {Uylings}, P.~H.~M.
	},
    title = "{Calculations of transition probabilities for forbidden lines in the 3d7 ground configurations of CO III and NI IV}",
  journal = {\apj},
 keywords = {Astronomical Spectroscopy, Cobalt, Forbidden Transitions, Nickel, Transition Probabilities, Magnetic Dipoles, Quadrupoles, Tables (Data), Wave Functions},
     year = 1984,
    month = feb,
   volume = 277,
    pages = {435-443},
      doi = {10.1086/161712},
   adsurl = {http://adsabs.harvard.edu/abs/1984ApJ...277..435H},
  adsnote = {Provided by the SAO/NASA Astrophysics Data System}
}

@BOOK{1981tass.book.....C,
   author = {{Cowan}, R.~D.},
    title = "{The theory of atomic structure and spectra}",
booktitle = {The theory of atomic structure and spectra},
     year = 1981,
publisher = {Berkeley: Univ. California Press},
   adsurl = {http://adsabs.harvard.edu/abs/1981tass.book.....C},
  adsnote = {Provided by the SAO/NASA Astrophysics Data System}
}

@ARTICLE{1998ApJS..117..261P,
   author = {{Pickering}, J.~C. and {Raassen}, A.~J.~J. and {Uylings}, P.~H.~M. and 
	{Johansson}, S.},
    title = "{The Spectrum and Term Analysis of Co II}",
  journal = {\apjs},
 keywords = {ATOMIC DATA, LINE: IDENTIFICATION, LINE: PROFILES, Atomic Data, Line: Identification, Line: Profiles},
     year = 1998,
    month = jul,
   volume = 117,
    pages = {261-311},
      doi = {10.1086/313117},
   adsurl = {http://adsabs.harvard.edu/abs/1998ApJS..117..261P},
  adsnote = {Provided by the SAO/NASA Astrophysics Data System}
}

@ARTICLE{1994PhRvA..49.1816N,
   author = {{Nahar}, S.~N. and {Pradhan}, A.~K.},
    title = "{Unified treatment of electron-ion recombination in the close-coupling approximation}",
  journal = {\pra},
 keywords = {Electron-ion scattering, excitation and ionization, Autoionization, Photoionization of atoms and ions},
     year = 1994,
    month = mar,
   volume = 49,
    pages = {1816-1835},
      doi = {10.1103/PhysRevA.49.1816},
   adsurl = {http://adsabs.harvard.edu/abs/1994PhRvA..49.1816N},
  adsnote = {Provided by the SAO/NASA Astrophysics Data System}
}

@INPROCEEDINGS{1997APS..APR.M1910N,
   author = {{Nahar}, S. and {Pradhan}, A.},
    title = "{Photoionization, recombination and ionization fractions of Carbon ions, C I - C VI, and Nitrogen ions, N I - N VII}",
booktitle = {APS April Meeting Abstracts},
     year = 1997,
    month = apr,
    pages = {1910},
   adsurl = {http://adsabs.harvard.edu/abs/1997APS..APR.M1910N},
  adsnote = {Provided by the SAO/NASA Astrophysics Data System}
}

@ARTICLE{1965AnAp...28..774B,
   author = {{Burgess}, A.},
    title = "{Dielectronic recombination in the corona}",
  journal = {Ann. d'Astro.},
     year = 1965,
    month = feb,
   volume = 28,
    pages = {774},
   adsurl = {http://adsabs.harvard.edu/abs/1965AnAp...28..774B},
  adsnote = {Provided by the SAO/NASA Astrophysics Data System}
}

@ARTICLE{1996PhST...65..104H,
   author = {{Hibbert}, A.},
    title = "{Estimation of inaccuracies in oscillator strength calculations.}",
  journal = {Phys. Scr.},
 keywords = {Atomic Data: Oscillator Strengths},
     year = 1996,
   volume = T65,
    pages = {104-109},
      doi = {10.1088/0031-8949/1996/T65/014},
   adsurl = {http://adsabs.harvard.edu/abs/1996PhST...65..104H},
  adsnote = {Provided by the SAO/NASA Astrophysics Data System}
}


@ARTICLE{2016MNRAS.tmp..556S,
   author = {{Storey}, P.~J. and {Sochi}, T.},
    title = "{Collision strengths and transition probabilities for Co III forbidden lines}",
  journal = {\mnras},
 keywords = {atomic data, atomic processes, radiation mechanisms: non-thermal, supernovae: general, infrared: general},
    year = 2016,
    month = jul,
   volume = 459,
    pages = {2558-2565},
      doi = {10.1093/mnras/stw776},
   adsurl = {http://adsabs.harvard.edu/abs/2016MNRAS.459.2558S},
  adsnote = {Provided by the SAO/NASA Astrophysics Data System}
}

@article{0953-4075-30-15-023,
  author={D C Griffin and M S Pindzola and J A Shaw and N R Badnell and M O'Mullane and H P Summers},
  title={Electron-impact excitation and ionization of ... for the determination of impurity influx in tokamaks},
  journal={J. Phys. B: At. Mol. Phys.},
  volume={30},
  number={15},
  pages={3543},
  url={http://stacks.iop.org/0953-4075/30/i=15/a=023},
  year={1997},
  abstract={Electron-impact excitation for ... is studied using close-coupling R-matrix theory in LS coupling. Both 28-state and 40-state close-coupling approximations are employed and cross sections and effective collision strengths for selected excitation transitions are compared. In addition, ionization rate coefficients for ... are determined using distorted-wave theory and compared with experiment. Finally, these data, along with experimental and theoretical radiative rates, are entered into a collisional-radiative modelling program - (atomic data and analysis structure) to obtain SXB ratios for the radiative transitions ... and ... . These SXB ratios allow one to relate spectroscopic emissivity measurements to impurity influx from a localized source. In the present studies, we modelled the impurity influx when only the ground term contributes to the ionization of ... and showed that the SXB ratio corresponding to the radiative transition between the doublet terms is less sensitive to electron density and more reliable than the SXB ratio corresponding to the radiative transition between the quartet terms. Additional collisional - radiative modelling studies of impurity influx when the ground and metastable states contribute to the ionization of ... are also proposed.}
}

@ARTICLE{1992A&A...254..436B,
   author = {{Burgess}, A. and {Tully}, J.~A.},
    title = "{On the Analysis of Collision Strengths and Rate Coefficients}",
  journal = {\aap},
 keywords = {excitation rate coefficient, positive ions spectroscopy, corona, data compaction},
     year = 1992,
    month = feb,
   volume = 254,
    pages = {436},
   adsurl = {http://adsabs.harvard.edu/abs/1992A%26A...254..436B},
  adsnote = {Provided by the SAO/NASA Astrophysics Data System}
}

@ARTICLE{2009ADNDT..95..910R,
   author = {{Ramsbottom}, C.~A.},
    title = "{Electron-impact excitation of Fe II: Effective collision strengths for optically allowed fine-structure transitions}",
  journal = {\atdat},
     year = 2009,
    month = nov,
   volume = 95,
    pages = {910-986},
      doi = {10.1016/j.adt.2009.08.002},
   adsurl = {http://adsabs.harvard.edu/abs/2009ADNDT..95..910R},
  adsnote = {Provided by the SAO/NASA Astrophysics Data System}
}

@ARTICLE{2016A&A...585A.121F,
   author = {{Fivet}, V. and {Quinet}, P. and {Bautista}, M.~A.},
    title = "{Radiative rates for forbidden M1 and E2 transitions of astrophysical interest in doubly ionized iron-peak elements}",
  journal = {\aap},
 keywords = {atomic data, atomic processes},
     year = 2016,
    month = jan,
   volume = 585,
      eid = {A121},
    pages = {A121},
      doi = {10.1051/0004-6361/201526983},
   adsurl = {http://adsabs.harvard.edu/abs/2016A%26A...585A.121F},
  adsnote = {Provided by the SAO/NASA Astrophysics Data System}
}


@ARTICLE{2012ApJ...746...29C,
   author = {{Colucci}, J.~E. and {Bernstein}, R.~A. and {Cameron}, S.~A. and 
	{McWilliam}, A.},
    title = "{Globular Cluster Abundances from High-resolution, Integrated-light Spectroscopy. IV. The Large Magellanic Cloud: {$\alpha$}, Fe-peak, Light, and Heavy Elements}",
  journal = {\apj},
 keywords = {galaxies: abundances, galaxies: individual: LMC, galaxies: star clusters: general, globular clusters: individual: NGC 2005 NGC 2019 NGC 1916 NGC 1978 NGC 1718 NGC 1866 NGC 1711 NGC 2100, stars: abundances},
     year = 2012,
    month = feb,
   volume = 746,
      eid = {29},
    pages = {29},
      doi = {10.1088/0004-637X/746/1/29},
   adsurl = {http://adsabs.harvard.edu/abs/2012ApJ...746...29C},
  adsnote = {Provided by the SAO/NASA Astrophysics Data System}
}

@ARTICLE{2014AJ....148...67J,
   author = {{Johnson}, C.~I. and {Rich}, R.~M. and {Kobayashi}, C. and {Kunder}, A. and 
	{Koch}, A.},
    title = "{Light, Alpha, and Fe-peak Element Abundances in the Galactic Bulge}",
  journal = {\aj},
 keywords = {Galaxy: bulge, stars: abundances, stars: Population II},
     year = 2014,
    month = oct,
   volume = 148,
      eid = {67},
    pages = {67},
      doi = {10.1088/0004-6256/148/4/67},
   adsurl = {http://adsabs.harvard.edu/abs/2014AJ....148...67J},
  adsnote = {Provided by the SAO/NASA Astrophysics Data System}
}

@ARTICLE{2009MNRAS.396.1659M,
   author = {{Metzger}, B.~D. and {Piro}, A.~L. and {Quataert}, E.},
    title = "{Nickel-rich outflows from accretion discs formed by the accretion-induced collapse of white dwarfs}",
  journal = {\mnras},
 keywords = {accretion, accretion discs , neutrinos , nuclear reactions, nucleosynthesis, abundances , stars: neutron , supernovae: general},
     year = 2009,
    month = jul,
   volume = 396,
    pages = {1659-1664},
      doi = {10.1111/j.1365-2966.2009.14909.x},
   adsurl = {http://adsabs.harvard.edu/abs/2009MNRAS.396.1659M},
  adsnote = {Provided by the SAO/NASA Astrophysics Data System}
}

@ARTICLE{2001ApJ...547..988M,
   author = {{Mazzali}, P.~A. and {Nomoto}, K. and {Cappellaro}, E. and {Nakamura}, T. and 
	{Umeda}, H. and {Iwamoto}, K.},
    title = "{Can Differences in the Nickel Abundance in Chandrasekhar-Mass Models Explain the Relation between the Brightness and Decline Rate of Normal Type IA Supernovae?}",
  journal = {\apj},
 keywords = {Stars: Evolution, Stars: Supernovae: General, Stars: White Dwarfs},
     year = 2001,
    month = feb,
   volume = 547,
    pages = {988-994},
      doi = {10.1086/318428},
   adsurl = {http://adsabs.harvard.edu/abs/2001ApJ...547..988M},
  adsnote = {Provided by the SAO/NASA Astrophysics Data System}
}

@ARTICLE{2001MNRAS.328..291T,
   author = {{Trundle}, C. and {Dufton}, P.~L. and {Rolleston}, W.~R.~J. and 
	{Ryans}, R.~S.~I. and {Lennon}, D.~J. and {Lehner}, N.},
    title = "{A peculiar metal-rich star, HD 135485}",
  journal = {\mnras},
 keywords = {STARS: ABUNDANCES, STARS: ATMOSPHERES, STARS: EARLY-TYPE, STARS: INDIVIDUAL: HD 135485},
     year = 2001,
    month = nov,
   volume = 328,
    pages = {291-300},
      doi = {10.1046/j.1365-8711.2001.04872.x},
   adsurl = {http://adsabs.harvard.edu/abs/2001MNRAS.328..291T},
  adsnote = {Provided by the SAO/NASA Astrophysics Data System}
}

@ARTICLE{1995A&A...294..555L,
   author = {{Lucy}, L.~B.},
    title = "{Fluorescent excitation of (Ni II) lines in the spectra of gaseous nebulae}",
  journal = {\aap},
 keywords = {Crab Nebula, Emission Spectra, Fluorescence, Iron, Line Spectra, Nickel, Orion Nebula, Photons, Ultraviolet Radiation, H Ii Regions, Interstellar Gas, Stellar Envelopes, Supernova Remnants},
     year = 1995,
    month = feb,
   volume = 294,
    pages = {555-567},
   adsurl = {http://adsabs.harvard.edu/abs/1995A%26A...294..555L},
  adsnote = {Provided by the SAO/NASA Astrophysics Data System}
}

@ARTICLE{1992ApJ...389..305O,
   author = {{Osterbrock}, D.~E. and {Tran}, H.~D. and {Veilleux}, S.},
    title = "{Faint emission lines in the spectrum of the Orion Nebula and the abundances of some of the rarer elements}",
  journal = {\apj},
 keywords = {Abundance, Astronomical Spectroscopy, Emission Spectra, Interstellar Matter, Line Spectra, Orion Nebula, Charge Coupled Devices, Forbidden Transitions, H Lines, Helium Ions, Interstellar Extinction, Iron, Metal Ions, Nickel, Recombination Reactions, Stellar Composition},
     year = 1992,
    month = apr,
   volume = 389,
    pages = {305-324},
      doi = {10.1086/171206},
   adsurl = {http://adsabs.harvard.edu/abs/1992ApJ...389..305O},
  adsnote = {Provided by the SAO/NASA Astrophysics Data System}
}

@ARTICLE{2004A&A...418.1073W,
   author = {{Wahlgren}, G.~M. and {Hubrig}, S.},
    title = "{Emission lines in the optical spectrum of 3 Cen A}",
  journal = {\aap},
 keywords = {line: identification, stars: abundances, stars: chemically peculiar, stars: emission, stars: individual: 3 Cen A},
     year = 2004,
    month = may,
   volume = 418,
    pages = {1073-1081},
      doi = {10.1051/0004-6361:20034257},
   adsurl = {http://adsabs.harvard.edu/abs/2004A%26A...418.1073W},
  adsnote = {Provided by the SAO/NASA Astrophysics Data System}
}

@ARTICLE{1990ApJ...352..561O,
   author = {{Osterbrock}, D.~E. and {Shaw}, R.~A. and {Veilleux}, S.},
    title = "{Near-infrared emission-line spectra of the Orion Nebula, NGC 4151, and other Seyfert galaxies}",
  journal = {\apj},
 keywords = {Charge Coupled Devices, Emission Spectra, Infrared Spectra, Near Infrared Radiation, Orion Nebula, Seyfert Galaxies, Data Reduction, Night Sky, Transition Probabilities},
     year = 1990,
    month = apr,
   volume = 352,
    pages = {561-573},
      doi = {10.1086/168558},
   adsurl = {http://adsabs.harvard.edu/abs/1990ApJ...352..561O},
  adsnote = {Provided by the SAO/NASA Astrophysics Data System}
}

@BOOK{1957qmot.book.....B,
   author = {{Bethe}, H.~A. and {Salpeter}, E.~E.},
    title = "{Quantum Mechanics of One- and Two-Electron Atoms}",
booktitle = {Quantum Mechanics of One- and Two-Electron Atoms},
     year = 1957,
     publisher = {New York: Academic Press} ,
   adsurl = {http://adsabs.harvard.edu/abs/1957qmot.book.....B},
  adsnote = {Provided by the SAO/NASA Astrophysics Data System}
}

@ARTICLE{1974CoPhC...7..318H,
   author = {{Hibbert}, A.},
    title = "{Adaptation of a general program to calculate angular momentum integrals in atomic structure: Inclusion of the one-electron part of the Hamiltonian}",
  journal = {\comp},
     year = 1974,
    month = jun,
   volume = 7,
    pages = {318-326},
      doi = {10.1016/0010-4655(74)90029-0},
   adsurl = {http://adsabs.harvard.edu/abs/1974CoPhC...7..318H},
  adsnote = {Provided by the SAO/NASA Astrophysics Data System}
}

@ARTICLE{1971CoPhC...2..180H,
   author = {{Hibbert}, A.},
    title = "{A new version of a general program to calculate angular momentum integrals in atomic structure}",
  journal = {\comp},
     year = 1971,
    month = may,
   volume = 2,
    pages = {180-190},
      doi = {10.1016/0010-4655(71)90051-8},
   adsurl = {http://adsabs.harvard.edu/abs/1971CoPhC...2..180H},
  adsnote = {Provided by the SAO/NASA Astrophysics Data System}
}

@ARTICLE{1965PhRv..140...67F,
   author = {{Fano}, U.},
    title = "{Interaction between Configurations with Several Open Shells}",
  journal = {Phys. Rev.},
     year = 1965,
    month = oct,
   volume = 140,
    pages = {67-75},
      doi = {10.1103/PhysRev.140.A67},
   adsurl = {http://adsabs.harvard.edu/abs/1965PhRv..140...67F},
  adsnote = {Provided by the SAO/NASA Astrophysics Data System}
}

@ARTICLE{2006MNRAS.369.1303H,
   author = {{Hendry}, M.~A. and {Smartt}, S.~J. and {Crockett}, R.~M. and 
	{Maund}, J.~R. and {Gal-Yam}, A. and {Moon}, D.-S. and {Cenko}, S.~B. and 
	{Fox}, D.~W. and {Kudritzki}, R.~P. and {Benn}, C.~R. and {{\O}stensen}, R.
	},
    title = "{SN 2004A: another Type II-P supernova with a red supergiant progenitor}",
  journal = {\mnras},
 keywords = {stars: evolution , supernovae: general , supernovae: individual: SN 2004A , galaxies: distances and redshifts , galaxies: individual: NGC 6207},
     year = 2006,
    month = jul,
   volume = 369,
    pages = {1303-1320},
      doi = {10.1111/j.1365-2966.2006.10374.x},
   adsurl = {http://adsabs.harvard.edu/abs/2006MNRAS.369.1303H},
  adsnote = {Provided by the SAO/NASA Astrophysics Data System}
}

@ARTICLE{2006MNRAS.369.1780V,
   author = {{Vink{\'o}}, J. and {Tak{\'a}ts}, K. and {S{\'a}rneczky}, K. and 
	{Szab{\'o}}, G.~M. and {M{\'e}sz{\'a}ros}, S. and {Csorv{\'a}si}, R. and 
	{Szalai}, T. and {G{\'a}sp{\'a}r}, A. and {P{\'a}l}, A. and 
	{Csizmadia}, S. and {K{\'o}sp{\'a}l}, A. and {R{\'a}cz}, M. and 
	{Kun}, M. and {Cs{\'a}k}, B. and {F{\"u}r{\'e}sz}, G. and {DeBond}, H. and 
	{Grunhut}, J. and {Thomson}, J. and {Mochnacki}, S. and {Koktay}, T.
	},
    title = "{The first year of SN 2004dj in NGC 2403}",
  journal = {\mnras},
 keywords = {stars: evolution: supernovae: individual: SN 2004dj: galaxies: individual: NGC 2403, stars: evolution, supernovae: individual: SN 2004dj, galaxies: individual: NGC 2403},
     year = 2006,
    month = jul,
   volume = 369,
    pages = {1780-1796},
      doi = {10.1111/j.1365-2966.2006.10416.x},
   adsurl = {http://adsabs.harvard.edu/abs/2006MNRAS.369.1780V},
  adsnote = {Provided by the SAO/NASA Astrophysics Data System}
}

@ARTICLE{2003MNRAS.346...97N,
   author = {{Nadyozhin}, D.~K.},
    title = "{Explosion energies, nickel masses and distances of Type II plateau supernovae}",
  journal = {\mnras},
 keywords = {supernovae: general, galaxies: distances and redshifts},
     year = 2003,
    month = nov,
   volume = 346,
    pages = {97-104},
      doi = {10.1046/j.1365-2966.2003.07070.x},
   adsurl = {http://adsabs.harvard.edu/abs/2003MNRAS.346...97N},
  adsnote = {Provided by the SAO/NASA Astrophysics Data System}
}

@ARTICLE{1990MNRAS.242..669S,
   author = {{Spyromilio}, J. and {Meikle}, W.~P.~S. and {Allen}, D.~A.},
    title = "{Spectral line profiles of iron and nickel in supernova 1987A - Evidence for a fragmented nickel bubble}",
  journal = {\mnras},
 keywords = {Line Shape, Metallicity, Spectral Line Width, Supernova 1987a, Bubbles, Iron, Nickel},
     year = 1990,
    month = feb,
   volume = 242,
    pages = {669-673},
      doi = {10.1093/mnras/242.4.669},
   adsurl = {http://adsabs.harvard.edu/abs/1990MNRAS.242..669S},
  adsnote = {Provided by the SAO/NASA Astrophysics Data System}
}

@ARTICLE{1982A&A...110..295N,
   author = {{Nussbaumer}, H. and {Storey}, P.~J.},
    title = "{/Ni II/ emission under nebular conditions}",
  journal = {\aap},
 keywords = {Collision Parameters, Emission Spectra, Forbidden Bands, Nebulae, Nickel, Spectral Energy Distribution, Transition Probabilities, Atomic Energy Levels, B Stars, Crab Nebula, Electron Density (Concentration), Electron Energy, Orion Nebula, Positive Ions, Stellar Envelopes},
     year = 1982,
    month = jun,
   volume = 110,
    pages = {295-299},
   adsurl = {http://adsabs.harvard.edu/abs/1982A%26A...110..295N},
  adsnote = {Provided by the SAO/NASA Astrophysics Data System}
}

@ARTICLE{1996A&AS..119...99Q,
   author = {{Quinet}, P. and {Le Dourneuf}, M.},
    title = "{Transition probabilities for [Ni I] and [Ni II] lines.}",
  journal = {\aaps},
 keywords = {ATOMIC DATA, NI I, NI II, TRANSITION PROBABILITIES},
     year = 1996,
    month = oct,
   volume = 119,
    pages = {99-104},
   adsurl = {http://adsabs.harvard.edu/abs/1996A%26AS..119...99Q},
  adsnote = {Provided by the SAO/NASA Astrophysics Data System}
}

@ARTICLE{1999A&AS..137..529B,
   author = {{Bautista}, M.~A.},
    title = "{Atomic data from the Iron Project. XXXIX. Photoionization cross sections and oscillator strengths for NI II}",
  journal = {\aaps},
 keywords = {ATOMIC DATA, ATOMIC PROCESSES, LINE: FORMATION, ISM: ABUNDANCES, ULTRAVIOLET: GENERAL, INFRARED: ISM: LINES AND BANDS},
     year = 1999,
    month = jun,
   volume = 137,
    pages = {529-535},
      doi = {10.1051/aas:1999491},
   adsurl = {http://adsabs.harvard.edu/abs/1999A%26AS..137..529B},
  adsnote = {Provided by the SAO/NASA Astrophysics Data System}
}

@ARTICLE{1967MNRAS.135...51T,
   author = {{Thackeray}, A.~D.},
    title = "{Coud{\'e} spectra of Eta Carinae and the strongest lines of [Fe II] and [Ni II]}",
  journal = {\mnras},
     year = 1967,
   volume = 135,
    pages = {51},
      doi = {10.1093/mnras/135.1.51},
   adsurl = {http://adsabs.harvard.edu/abs/1967MNRAS.135...51T},
  adsnote = {Provided by the SAO/NASA Astrophysics Data System}
}

@ARTICLE{1975ApJ...199L..43G,
   author = {{Grandi}, S.~A.},
    title = "{Observations of Starlight-Excited Lines in the Orion Nebula}",
  journal = {\apjl},
     year = 1975,
    month = jul,
   volume = 199,
    pages = {L43},
      doi = {10.1086/181845},
   adsurl = {http://adsabs.harvard.edu/abs/1975ApJ...199L..43G},
  adsnote = {Provided by the SAO/NASA Astrophysics Data System}
}

@ARTICLE{1980ApJ...242.1023F,
   author = {{Fesen}, R.~A. and {Kirshner}, R.~P.},
    title = "{Spectrophotometry of the supernova remnant IC 443}",
  journal = {\apj},
 keywords = {Emission Spectra, Nebulae, Shock Waves, Spectrophotometry, Supernova Remnants, Astronomical Models, Electron Density (Concentration), Forbidden Bands, Gas Temperature, H Lines, Helium, Interstellar Gas, Radial Velocity, X Ray Astronomy},
     year = 1980,
    month = dec,
   volume = 242,
    pages = {1023-1040},
      doi = {10.1086/158534},
   adsurl = {http://adsabs.harvard.edu/abs/1980ApJ...242.1023F},
  adsnote = {Provided by the SAO/NASA Astrophysics Data System}
}

@ARTICLE{2015JPhB...48o5204T,
   author = {{Tyndall}, N.~B. and {Ramsbottom}, C.~A. and {Hibbert}, A. and 
	{Ferland}, G.},
    title = "{Photoionization cross sections for O-like S IX: a Breit-Pauli R-matrix calculation}",
  journal = {\jphysb},
     year = 2015,
    month = aug,
   volume = 48,
   number = 15,
      eid = {155204},
    pages = {155204},
      doi = {10.1088/0953-4075/48/15/155204},
   adsurl = {http://adsabs.harvard.edu/abs/2015JPhB...48o5204T},
  adsnote = {Provided by the SAO/NASA Astrophysics Data System}
}

@ARTICLE{2011ApJ...738....5C,
   author = {{Cassidy}, C.~M. and {Ramsbottom}, C.~A. and {Scott}, M.~P.},
    title = "{Electron-impact Excitation of Ni II: Effective Collision Strengths for Optically Allowed Fine-structure Transitions}",
  journal = {\apj},
 keywords = {atomic data, atomic processes, methods: numerical, plasmas, scattering},
     year = 2011,
    month = sep,
   volume = 738,
      eid = {5},
    pages = {5},
      doi = {10.1088/0004-637X/738/1/5},
   adsurl = {http://adsabs.harvard.edu/abs/2011ApJ...738....5C},
  adsnote = {Provided by the SAO/NASA Astrophysics Data System}
}

@ARTICLE{2010A&A...513A..55C,
   author = {{Cassidy}, C.~M. and {Ramsbottom}, C.~A. and {Scott}, M.~P. and 
	{Burke}, P.~G.},
    title = "{Electron-impact excitation of Ni II. Collision strengths and effective collision strengths for low-lying fine-structure forbidden transitions}",
  journal = {\aap},
 keywords = {atomic data, atomic processes, scattering, plasmas, methods: numerical, binaries: symbiotic},
     year = 2010,
    month = apr,
   volume = 513,
      eid = {A55},
    pages = {A55},
      doi = {10.1051/0004-6361/200913571},
   adsurl = {http://adsabs.harvard.edu/abs/2010A%26A...513A..55C},
  adsnote = {Provided by the SAO/NASA Astrophysics Data System}
}

@ARTICLE{1998PASP..110..761F,
   author = {{Ferland}, G.~J. and {Korista}, K.~T. and {Verner}, D.~A. and 
	{Ferguson}, J.~W. and {Kingdon}, J.~B. and {Verner}, E.~M.},
    title = "{CLOUDY 90: Numerical Simulation of Plasmas and Their Spectra}",
  journal = {\pasp},
     year = 1998,
    month = jul,
   volume = 110,
    pages = {761-778},
      doi = {10.1086/316190},
   adsurl = {http://adsabs.harvard.edu/abs/1998PASP..110..761F},
  adsnote = {Provided by the SAO/NASA Astrophysics Data System}
}

@ARTICLE{2001ApJS..134..139B,
   author = {{Bautista}, M.~A. and {Kallman}, T.~R.},
    title = "{The XSTAR Atomic Database}",
  journal = {\apjs},
 keywords = {Astronomical Data Bases: Miscellaneous, Atomic Data, Atomic Processes, Line: Formation, Ultraviolet: General, X-Rays: General},
     year = 2001,
    month = may,
   volume = 134,
    pages = {139-149},
      doi = {10.1086/320363},
   adsurl = {http://adsabs.harvard.edu/abs/2001ApJS..134..139B},
  adsnote = {Provided by the SAO/NASA Astrophysics Data System}
}

@ARTICLE{1995ApJ...439..875H,
   author = {{Hubeny}, I. and {Lanz}, T.},
    title = "{Non-LTE line-blanketed model atmospheres of hot stars. 1: Hybrid complete linearization/accelerated lambda iteration method}",
  journal = {\apj},
 keywords = {Hot Stars, Iterative Solution, Numerical Analysis, Radiative Transfer, Stellar Atmospheres, Stellar Models, Absorptivity, Equilibrium Equations, Jacobi Matrix Method, Line Spectra, Linearization, Newton-Raphson Method},
     year = 1995,
    month = feb,
   volume = 439,
    pages = {875-904},
      doi = {10.1086/175226},
   adsurl = {http://adsabs.harvard.edu/abs/1995ApJ...439..875H},
  adsnote = {Provided by the SAO/NASA Astrophysics Data System}
}

@ARTICLE{2007A&A...466.1083H,
   author = {{Hubrig}, S. and {Gonz{\'a}lez}, J.~F.},
    title = "{Detection of variable Si II, Mn II, and Fe II emission lines in the magnetic Bp star a Centauri}",
  journal = {\aap},
 keywords = {stars: chemically peculiar, stars: emission-line, Be, stars: abundances, line: identification, stars: individual: HD 125823},
     year = 2007,
    month = may,
   volume = 466,
    pages = {1083-1087},
      doi = {10.1051/0004-6361:20066738},
   adsurl = {http://adsabs.harvard.edu/abs/2007A%26A...466.1083H},
  adsnote = {Provided by the SAO/NASA Astrophysics Data System}
}

@ARTICLE{2000A&A...361..977J,
   author = {{Johansson}, S. and {Zethson}, T. and {Hartman}, H. and {Ekberg}, J.~O. and 
	{Ishibashi}, K. and {Davidson}, K. and {Gull}, T.},
    title = "{New forbidden and fluorescent Fe III lines identified in HST spectra of eta Carinae}",
  journal = {\aap},
 keywords = {ATOMIC PROCESSES, LINE: IDENTIFICATION, STARS: INDIVIDUAL: ETA CAR, STARS: VARIABLES: GENERAL, ULTRAVIOLET: STARS},
     year = 2000,
    month = sep,
   volume = 361,
    pages = {977-981},
   adsurl = {http://adsabs.harvard.edu/abs/2000A%26A...361..977J},
  adsnote = {Provided by the SAO/NASA Astrophysics Data System}
}

@ARTICLE{2001ApJS..134....1V,
   author = {{Vestergaard}, M. and {Wilkes}, B.~J.},
    title = "{An Empirical Ultraviolet Template for Iron Emission in Quasars as Derived from I Zwicky 1}",
  journal = {\apjs},
 keywords = {Galaxies: Active, Galaxies: Individual: Alphanumeric: I Zw 1, Galaxies: Seyfert, Methods: Data Analysis, Galaxies: Quasars: Emission Lines},
     year = 2001,
    month = may,
   volume = 134,
    pages = {1-33},
      doi = {10.1086/320357},
   adsurl = {http://adsabs.harvard.edu/abs/2001ApJS..134....1V},
  adsnote = {Provided by the SAO/NASA Astrophysics Data System}
}

@ARTICLE{1981ApJ...248..569S,
   author = {{Shields}, G.~A. and {Aller}, L.~H. and {Keyes}, C.~D. and {Czyzak}, S.~J.
	},
    title = "{The optical and ultraviolet spectrum of the planetary nebula NGC 2440}",
  journal = {\apj},
 keywords = {Astronomical Spectroscopy, Optical Emission Spectroscopy, Planetary Nebulae, Ultraviolet Astronomy, Visible Spectrum, Abundance, Astronomical Models, Charge Transfer, Emission Spectra, Nitrogen, Oxygen, Photoionization},
     year = 1981,
    month = sep,
   volume = 248,
    pages = {569-583},
      doi = {10.1086/159182},
   adsurl = {http://adsabs.harvard.edu/abs/1981ApJ...248..569S},
  adsnote = {Provided by the SAO/NASA Astrophysics Data System}
}

@ARTICLE{1993ApJ...410..430K,
   author = {{Keenan}, F.~P. and {Aller}, L.~H. and {Hyung}, S. and {Conlon}, E.~S. and 
	{Warren}, G.~A.},
    title = "{Fe III emission lines in the optical spectrum of the planetary nebula IC 4997}",
  journal = {\apj},
 keywords = {Emission Spectra, Iron, Planetary Nebulae, Visible Spectrum, Electron Density (Concentration), Electron Energy, Electron Transitions},
     year = 1993,
    month = jun,
   volume = 410,
    pages = {430-436},
      doi = {10.1086/172760},
   adsurl = {http://adsabs.harvard.edu/abs/1993ApJ...410..430K},
  adsnote = {Provided by the SAO/NASA Astrophysics Data System}
}

@ARTICLE{1985ApJ...297..166O,
   author = {{Osterbrock}, D.~E. and {Pogge}, R.~W.},
    title = "{The spectra of narrow-line Seyfert 1 galaxies}",
  journal = {\apj},
 keywords = {Astronomical Spectroscopy, Galactic Nuclei, Seyfert Galaxies, Abundance, Active Galactic Nuclei, Emission Spectra, H Beta Line, Hydrogen Ions, Iron, Luminosity, Spectral Energy Distribution, Spectral Line Width},
     year = 1985,
    month = oct,
   volume = 297,
    pages = {166-176},
      doi = {10.1086/163513},
   adsurl = {http://adsabs.harvard.edu/abs/1985ApJ...297..166O},
  adsnote = {Provided by the SAO/NASA Astrophysics Data System}
}

@ARTICLE{1999ApJS..125..317L,
   author = {{Leighly}, K.~M.},
    title = "{A Comprehensive Spectral and Variability Study of Narrow-Line Seyfert 1 Galaxies Observed by ASCA. II. Spectral Analysis and Correlations}",
  journal = {\apjs},
 keywords = {GALAXIES: ACTIVE, GALAXIES: SEYFERT, SURVEYS, X-RAYS: GALAXIES, Galaxies: Active, Galaxies: Seyfert, Surveys, X-Rays: Galaxies},
     year = 1999,
    month = dec,
   volume = 125,
    pages = {317-348},
      doi = {10.1086/313287},
   adsurl = {http://adsabs.harvard.edu/abs/1999ApJS..125..317L},
  adsnote = {Provided by the SAO/NASA Astrophysics Data System}
}

@phdthesis{clarathesis,
   author = {{Cassidy}, C.}, 
    title = "{Ni II: A comprehensive atomic data study with emphasis on astrophysical applications}",
   school = {Queens University Belfast},
     year = 2011,
    month = mar,
}

@ARTICLE{1978CoPhC..16...19G,
   author = {{Glass}, R. and {Hibbert}, A.},
    title = "{Relativistic effects in many electron atoms}",
  journal = {\comp},
     year = 1978,
    month = dec,
   volume = 16,
    pages = {19-34},
      doi = {10.1016/0010-4655(78)90105-4},
   adsurl = {http://adsabs.harvard.edu/abs/1978CoPhC..16...19G},
  adsnote = {Provided by the SAO/NASA Astrophysics Data System}
}

@ARTICLE{1991CoPhC..64..369F,
   author = {{Froese Fischer}, C.},
    title = "{The MCHF atomic-structure package}",
  journal = {\comp},
     year = 1991,
    month = jun,
   volume = 64,
    pages = {369-398},
      doi = {10.1016/0010-4655(91)90133-6},
   adsurl = {http://adsabs.harvard.edu/abs/1991CoPhC..64..369F},
  adsnote = {Provided by the SAO/NASA Astrophysics Data System}
}


@ARTICLE{1970AdPhy..19..747G,
   author = {{Grant}, I.~P.},
    title = "{Relativistic calculation of atomic structures}",
  journal = {Adv. Phys.},
     year = 1970,
    month = nov,
   volume = 19,
    pages = {747-811},
      doi = {10.1080/00018737000101191},
   adsurl = {http://adsabs.harvard.edu/abs/1970AdPhy..19..747G},
  adsnote = {Provided by the SAO/NASA Astrophysics Data System}
}


@ARTICLE{1986JPhB...19.3827B,
   author = {{Badnell}, N.~R.},
    title = "{Dielectric recombination of Fe(22+) and Fe(21+)}",
  journal = {\jphysb},
 keywords = {Autoionization, Electron Recombination, Iron, Metal Ions, Recombination Coefficient, Computer Programs, Transition Probabilities},
     year = 1986,
    month = nov,
   volume = 19,
    pages = {3827-3835},
      doi = {10.1088/0022-3700/19/22/023},
   adsurl = {http://adsabs.harvard.edu/abs/1986JPhB...19.3827B},
  adsnote = {Provided by the SAO/NASA Astrophysics Data System}
}

@ARTICLE{1997JPhB...30....1B,
   author = {{Badnell}, N.~R.},
    title = "{On the effects of the two-body non-fine-structure operators of the Breit - Pauli Hamiltonian}",
  journal = {\jphysb},
     year = 1997,
    month = jan,
   volume = 30,
    pages = {1-11},
      doi = {10.1088/0953-4075/30/1/005},
   adsurl = {http://adsabs.harvard.edu/abs/1997JPhB...30....1B},
  adsnote = {Provided by the SAO/NASA Astrophysics Data System}
}

@ARTICLE{2007JPhB...40.4537G,
   author = {{Griffin}, D.~C. and {Ballance}, C.~P. and {Loch}, S.~D. and 
	{Pindzola}, M.~S.},
    title = "{Electron-impact excitation of Ar$^{+}$: an improved determination of Ar impurity influx in tokamaks}",
  journal = {\jphysb},
     year = 2007,
    month = dec,
   volume = 40,
    pages = {4537-4550},
      doi = {10.1088/0953-4075/40/23/013},
   adsurl = {http://adsabs.harvard.edu/abs/2007JPhB...40.4537G},
  adsnote = {Provided by the SAO/NASA Astrophysics Data System}
}

@ARTICLE{1982ApJS...48...95S,
   author = {{Shull}, J.~M. and {van Steenberg}, M.},
    title = "{The ionization equilibrium of astrophysically abundant elements}",
  journal = {\apjs},
 keywords = {Chemical Elements, Cosmic Plasma, Equilibrium, Ionization, Autoionization, Metals, Radiative Recombination, Rates (Per Time), Tables (Data)},
     year = 1982,
    month = jan,
   volume = 48,
    pages = {95-107},
      doi = {10.1086/190769},
   adsurl = {http://adsabs.harvard.edu/abs/1982ApJS...48...95S},
  adsnote = {Provided by the SAO/NASA Astrophysics Data System}
}

@ARTICLE{1985A&AS...60..425A,
   author = {{Arnaud}, M. and {Rothenflug}, R.},
    title = "{An updated evaluation of recombination and ionization rates}",
  journal = {\aaps},
 keywords = {Astrophysics, Cosmic Plasma, Electron-Ion Recombination, Ion Production Rates, Ionization Coefficients, Recombination Coefficient, Autoionization, Charge Exchange, Ionization Cross Sections, Isoelectronic Sequence, Quantum Mechanics, Radiative Recombination},
     year = 1985,
    month = jun,
   volume = 60,
    pages = {425-457},
   adsurl = {http://adsabs.harvard.edu/abs/1985A%26AS...60..425A},
  adsnote = {Provided by the SAO/NASA Astrophysics Data System}
}

@ARTICLE{1991A&A...251..680P,
   author = {{Pequignot}, D. and {Petitjean}, P. and {Boisson}, C.},
    title = "{Total and effective radiative recombination coefficients}",
  journal = {\aap},
 keywords = {Hydrogen, Interstellar Gas, Ionized Gases, Radiative Recombination, Recombination Coefficient, Ultraviolet Spectra, Carbon, Cold Plasmas, Forbidden Bands, Nitrogen, Oxygen, Planetary Nebulae},
     year = 1991,
    month = nov,
   volume = 251,
    pages = {680-688},
   adsurl = {http://adsabs.harvard.edu/abs/1991A%26A...251..680P},
  adsnote = {Provided by the SAO/NASA Astrophysics Data System}
}

@ARTICLE{2003A&A...406.1151B,
   author = {{Badnell}, N.~R. and {O'Mullane}, M.~G. and {Summers}, H.~P. and 
	{Altun}, Z. and {Bautista}, M.~A. and {Colgan}, J. and {Gorczyca}, T.~W. and 
	{Mitnik}, D.~M. and {Pindzola}, M.~S. and {Zatsarinny}, O.},
    title = "{Dielectronic recombination data for dynamic finite-density plasmas. I. Goals and methodology}",
  journal = {\aap},
 keywords = {atomic data, atomic processes, plasmas},
     year = 2003,
    month = aug,
   volume = 406,
    pages = {1151-1165},
      doi = {10.1051/0004-6361:20030816},
   adsurl = {http://adsabs.harvard.edu/abs/2003A%26A...406.1151B},
  adsnote = {Provided by the SAO/NASA Astrophysics Data System}
}

@ARTICLE{2006ApJ...651L..73B,
   author = {{Badnell}, N.~R.},
    title = "{Dielectronic Recombination of Fe 3p$^{q}$ Ions: A Key Ingredient for Describing X-Ray Absorption in Active Galactic Nuclei}",
  journal = {\apjl},
 keywords = {Atomic Data, Atomic Processes, Galaxies: Active, Galaxies: Nuclei, X-Rays: Galaxies},
     year = 2006,
    month = nov,
   volume = 651,
    pages = {L73-L76},
      doi = {10.1086/509739},
   adsurl = {http://adsabs.harvard.edu/abs/2006ApJ...651L..73B},
  adsnote = {Provided by the SAO/NASA Astrophysics Data System}
}

@ARTICLE{2005ApJS..158...80N,
   author = {{Nahar}, S.~N.},
    title = "{Electron-Ion Recombination Rate Coefficients and Photoionization Cross Sections for Astrophysically Abundant Elements. IX. Ni XXVI and Ni XXVII for Ultraviolet and X-Ray Modeling}",
  journal = {\apjs},
 keywords = {Atomic Data, Atomic Processes, Line: Formation, X-Rays: General},
     year = 2005,
    month = may,
   volume = 158,
    pages = {80-92},
      doi = {10.1086/428666},
   adsurl = {http://adsabs.harvard.edu/abs/2005ApJS..158...80N},
  adsnote = {Provided by the SAO/NASA Astrophysics Data System}
}

@ARTICLE{2006ApJS..167..334B,
   author = {{Badnell}, N.~R.},
    title = "{Radiative Recombination Data for Modeling Dynamic Finite-Density Plasmas}",
  journal = {\apjs},
 keywords = {Atomic Data, Atomic Processes, Plasmas},
     year = 2006,
    month = dec,
   volume = 167,
    pages = {334-342},
      doi = {10.1086/508465},
   adsurl = {http://adsabs.harvard.edu/abs/2006ApJS..167..334B},
  adsnote = {Provided by the SAO/NASA Astrophysics Data System}
}

@ARTICLE{1948PhRv...73.1463G,
   author = {{Goertzel}, G.},
    title = "{Resonance Reactions Involving Dirac-Type Incident Particles}",
  journal = {Phys. Rev.},
     year = 1948,
    month = jun,
   volume = 73,
    pages = {1463-1466},
      doi = {10.1103/PhysRev.73.1463},
   adsurl = {http://adsabs.harvard.edu/abs/1948PhRv...73.1463G},
  adsnote = {Provided by the SAO/NASA Astrophysics Data System}
}

@ARTICLE{1947PhRv...72...29W,
   author = {{Wigner}, E.~P. and {Eisenbud}, L.},
    title = "{Higher Angular Momenta and Long Range Interaction in Resonance Reactions}",
  journal = {Phys. Rev.},
     year = 1947,
    month = jul,
   volume = 72,
    pages = {29-41},
      doi = {10.1103/PhysRev.72.29},
   adsurl = {http://adsabs.harvard.edu/abs/1947PhRv...72...29W},
  adsnote = {Provided by the SAO/NASA Astrophysics Data System}
}

@ARTICLE{1968AdAMP...4..173B,
   author = {{Burke}, P.~G.},
    title = "{Resonances in Electron Scattering by Atoms and Molecules}",
  journal = {Advances in Atomic and Molecular Physics},
     year = 1968,
   volume = 4,
    pages = {173-219},
      doi = {10.1016/S0065-2199(08)60188-8},
   adsurl = {http://adsabs.harvard.edu/abs/1968AdAMP...4..173B},
  adsnote = {Provided by the SAO/NASA Astrophysics Data System}
}

@ARTICLE{1971JPhB....4..153B,
   author = {{Burke}, P.~G. and {Hibbert}, A. and {Robb}, W.~D.},
    title = "{Electron scattering by complex atoms}",
  journal = {\jphysb},
     year = 1971,
    month = feb,
   volume = 4,
    pages = {153-161},
      doi = {10.1088/0022-3700/4/2/002},
   adsurl = {http://adsabs.harvard.edu/abs/1971JPhB....4..153B},
  adsnote = {Provided by the SAO/NASA Astrophysics Data System}
}

@ARTICLE{1975JPhB....8.2620B,
   author = {{Burke}, P.~G. and {Taylor}, K.~T.},
    title = "{R-matrix theory of photoionization. Application to neon and argon}",
  journal = {\jphysb},
     year = 1975,
    month = nov,
   volume = 8,
    pages = {2620-2639},
      doi = {10.1088/0022-3700/8/16/020},
   adsurl = {http://adsabs.harvard.edu/abs/1975JPhB....8.2620B},
  adsnote = {Provided by the SAO/NASA Astrophysics Data System}
}

@ARTICLE{1980JPhB...13.4299S,
   author = {{Scott}, N.~S. and {Burke}, P.~G.},
    title = "{Electron scattering by atoms and ions using the Breit-Pauli Hamiltonian: an R-matrix approach}",
  journal = {\jphysb},
     year = 1980,
    month = nov,
   volume = 13,
    pages = {4299-4314},
      doi = {10.1088/0022-3700/13/21/022},
   adsurl = {http://adsabs.harvard.edu/abs/1980JPhB...13.4299S},
  adsnote = {Provided by the SAO/NASA Astrophysics Data System}
}

@ARTICLE{1982CoPhC..25..347S,
   author = {{Scott}, N.~S. and {Taylor}, K.~T.},
    title = "{A general program to calculate atomic continuum processes incorporating model potentials and the Breit-Pauli Hamiltonian within the R-matrix method}",
  journal = {\comp},
     year = 1982,
    month = apr,
   volume = 25,
    pages = {347-387},
      doi = {10.1016/0010-4655(82)90076-5},
   adsurl = {http://adsabs.harvard.edu/abs/1982CoPhC..25..347S},
  adsnote = {Provided by the SAO/NASA Astrophysics Data System}
}

@ARTICLE{2001JPhB...34.4455M,
   author = {{Mitnik}, D.~M. and {Griffin}, D.~C. and {Badnell}, N.~R.},
    title = "{Electron-impact excitation of Ne$^{5+}$}",
  journal = {\jphysb},
     year = 2001,
    month = nov,
   volume = 34,
    pages = {4455-4473},
      doi = {10.1088/0953-4075/34/22/314},
   adsurl = {http://adsabs.harvard.edu/abs/2001JPhB...34.4455M},
  adsnote = {Provided by the SAO/NASA Astrophysics Data System}
}

@ARTICLE{1995CoPhC..92..290B,
   author = {{Berrington}, K.~A. and {Eissner}, W.~B. and {Norrington}, P.~H.
	},
    title = "{RMATRX1: Belfast atomic R-matrix codes}",
  journal = {\comp},
     year = 1995,
    month = dec,
   volume = 92,
    pages = {290-420},
      doi = {10.1016/0010-4655(95)00123-8},
   adsurl = {http://adsabs.harvard.edu/abs/1995CoPhC..92..290B},
  adsnote = {Provided by the SAO/NASA Astrophysics Data System}
}

@ARTICLE{1973JPhB....6..945R,
   author = {{Robb}, W.~D.},
    title = "{Calculation of the dynamic dipole polarizabilities and Van der Waals coefficients of beryllium and carbon atoms in the ground state}",
  journal = {\jphysb},
     year = 1973,
    month = jun,
   volume = 6,
    pages = {945-953},
      doi = {10.1088/0022-3700/6/6/010},
   adsurl = {http://adsabs.harvard.edu/abs/1973JPhB....6..945R},
  adsnote = {Provided by the SAO/NASA Astrophysics Data System}
}

@ARTICLE{1977JPhB...10.2497B,
   author = {{Burke}, P.~G. and {Mackey}, I. and {Shimamura}, I.},
    title = "{R-matrix theory of electron-molecule scattering}",
  journal = {\jphysb},
     year = 1977,
    month = aug,
   volume = 10,
    pages = {2497-2512},
      doi = {10.1088/0022-3700/10/12/027},
   adsurl = {http://adsabs.harvard.edu/abs/1977JPhB...10.2497B},
  adsnote = {Provided by the SAO/NASA Astrophysics Data System}
}

@ARTICLE{1979CoPhC..17..149G,
   author = {{Grant}, I.~P.},
    title = "{Relativistic atomic structure calculations}",
  journal = {\comp},
     year = 1979,
    month = apr,
   volume = 17,
    pages = {149-161},
      doi = {10.1016/0010-4655(79)90077-8},
   adsurl = {http://adsabs.harvard.edu/abs/1979CoPhC..17..149G},
  adsnote = {Provided by the SAO/NASA Astrophysics Data System}
}

@ARTICLE{1975JPhB....8.2327C,
   author = {{Chang}, J.~J.},
    title = "{The R-matrix theory of electron-atom scattering using the Dirac Hamiltonian}",
  journal = {\jphysb},
     year = 1975,
    month = oct,
   volume = 8,
    pages = {2327-2335},
      doi = {10.1088/0022-3700/8/14/014},
   adsurl = {http://adsabs.harvard.edu/abs/1975JPhB....8.2327C},
  adsnote = {Provided by the SAO/NASA Astrophysics Data System}
}

@ARTICLE{1994CoPhC..83..215Y,
   author = {{Young}, I.~G. and {Norrington}, P.~H.},
    title = "{Solution of the relativistic asymptotic equations in electron-ion scattering}",
  journal = {\comp},
     year = 1994,
    month = dec,
   volume = 83,
    pages = {215-226},
      doi = {10.1016/0010-4655(94)90049-3},
   adsurl = {http://adsabs.harvard.edu/abs/1994CoPhC..83..215Y},
  adsnote = {Provided by the SAO/NASA Astrophysics Data System}
}

@ARTICLE{2006CoPhC.174..273Z,
   author = {{Zatsarinny}, O.},
    title = "{BSR: B-spline atomic R-matrix codes}",
  journal = {\comp},
 keywords = {Atomic excitation and ionization by electron impact, Electron-ion scattering, excitation and ionization, Photoionization of atoms and ions, Ab initio calculations},
     year = 2006,
    month = feb,
   volume = 174,
    pages = {273-356},
      doi = {10.1016/j.cpc.2005.10.006},
   adsurl = {http://adsabs.harvard.edu/abs/2006CoPhC.174..273Z},
  adsnote = {Provided by the SAO/NASA Astrophysics Data System}
}


@ARTICLE{1974CoPhC...8..149B,
   author = {{Berrington}, K.~A. and {Burke}, P.~G. and {Chang}, J.~J. and 
	{Chivers}, A.~T. and {Robb}, W.~D. and {Taylor}, K.~T.},
    title = "{A general program to calculate atomic continuum processes using the R-matrix method}",
  journal = {\comp},
     year = 1974,
    month = oct,
   volume = 8,
    pages = {149-198},
      doi = {10.1016/0010-4655(74)90096-4},
   adsurl = {http://adsabs.harvard.edu/abs/1974CoPhC...8..149B},
  adsnote = {Provided by the SAO/NASA Astrophysics Data System}
}

@ARTICLE{1957NucPh...4..503B,
   author = {{Bloch}, C.},
    title = "{Une formulation unifi{\'e}e de la th{\'e}orie des r{\'e}actions nucl{\'e}aires}",
  journal = {\nphysa},
     year = 1957,
    month = nov,
   volume = 4,
    pages = {503-528},
      doi = {10.1016/0029-5582(87)90058-7},
   adsurl = {http://adsabs.harvard.edu/abs/1957NucPh...4..503B},
  adsnote = {Provided by the SAO/NASA Astrophysics Data System}
}

@ARTICLE{1981CoPhC..23..181C,
   author = {{Crees}, M.~A.},
    title = "{ASYPCK2, an extended version of ASYPCK}",
  journal = {\comp},
     year = 1981,
    month = jul,
   volume = 23,
    pages = {181-198},
      doi = {10.1016/0010-4655(81)90032-1},
   adsurl = {http://adsabs.harvard.edu/abs/1981CoPhC..23..181C},
  adsnote = {Provided by the SAO/NASA Astrophysics Data System}
}

@BOOK{1959its..book.....F,
   author = {{Fano}, U. and {Racah}, G.},
    title = "{Irreducible tensorial sets}",
 keywords = {Vector analysis, Calculus of tensors, Quantum theory},
booktitle = {Irreducible tensorial sets},
     year = 1959,
     publisher = {New York: Academic Press},
   adsurl = {http://adsabs.harvard.edu/abs/1959its..book.....F},
  adsnote = {Provided by the SAO/NASA Astrophysics Data System}
}

@ARTICLE{1986JPhB...19.2601S,
   author = {{Seaton}, M.~J.},
    title = "{Outer-region contributions to radiative transition probabilities}",
  journal = {\jphysb},
     year = 1986,
    month = sep,
   volume = 19,
    pages = {2601-2610},
      doi = {10.1088/0022-3700/19/17/009},
   adsurl = {http://adsabs.harvard.edu/abs/1986JPhB...19.2601S},
  adsnote = {Provided by the SAO/NASA Astrophysics Data System}
}

@ARTICLE{1947ApJ...105..131B,
   author = {{Bohm}, D. and {Aller}, L.~H.},
    title = "{The Electron Velocity Distribution in Gaseous Nebulae and Stellar Envelopes.}",
  journal = {\apj},
     year = 1947,
    month = jan,
   volume = 105,
    pages = {131},
      doi = {10.1086/144890},
   adsurl = {http://adsabs.harvard.edu/abs/1947ApJ...105..131B},
  adsnote = {Provided by the SAO/NASA Astrophysics Data System}
}

@ARTICLE{1984JPhB...17L.683B,
   author = {{Burke}, P.~G. and {Seaton}, M.~J.},
    title = "{The vicinity of an R-matrix pole}",
  journal = {\jphysb},
     year = 1984,
    month = oct,
   volume = 17,
    pages = {L683-L687},
      doi = {10.1088/0022-3700/17/20/006},
   adsurl = {http://adsabs.harvard.edu/abs/1984JPhB...17L.683B},
  adsnote = {Provided by the SAO/NASA Astrophysics Data System}
}

@ARTICLE{1985JPhB...18.2111S,
   author = {{Seaton}, M.~J.},
    title = "{Use of the R matrix method for bound-state calculations. I. General theory}",
  journal = {\jphysb},
     year = 1985,
    month = jun,
   volume = 18,
    pages = {2111-2131},
      doi = {10.1088/0022-3700/18/11/008},
   adsurl = {http://adsabs.harvard.edu/abs/1985JPhB...18.2111S},
  adsnote = {Provided by the SAO/NASA Astrophysics Data System}
}

@ARTICLE{1983RPPh...46..167S,
   author = {{Seaton}, M.~J.},
    title = "{REVIEW ARTICLE: Quantum defect theory}",
  journal = {Rep. Prog. Phys.},
     year = 1983,
    month = feb,
   volume = 46,
    pages = {167-257},
      doi = {10.1088/0034-4885/46/2/002},
   adsurl = {http://adsabs.harvard.edu/abs/1983RPPh...46..167S},
  adsnote = {Provided by the SAO/NASA Astrophysics Data System}
}

@ARTICLE{1988A&A...193..327N,
   author = {{Nussbaumer}, H. and {Storey}, P.~J.},
    title = "{Transition probabilities for forbidden Fe II infrared lines}",
  journal = {\aap},
 keywords = {Abundance, Infrared Spectra, Metallicity, Scattering Cross Sections, Supernova Remnants, Transition Probabilities, Eigenvalues, Hamiltonian Functions, Iron, Nickel, Schroedinger Equation},
     year = 1988,
    month = mar,
   volume = 193,
    pages = {327-333},
   adsurl = {http://adsabs.harvard.edu/abs/1988A%26A...193..327N},
  adsnote = {Provided by the SAO/NASA Astrophysics Data System}
}

@ARTICLE{1974JPhB....7L.364B,
   author = {{Burgess}, A.},
    title = "{Coulomb integrals: tables and sum rules}",
  journal = {\jphysb},
     year = 1974,
    month = aug,
   volume = 7,
    pages = {L364-L367},
      doi = {10.1088/0022-3700/7/12/003},
   adsurl = {http://adsabs.harvard.edu/abs/1974JPhB....7L.364B},
  adsnote = {Provided by the SAO/NASA Astrophysics Data System}
}

@ARTICLE{1996JPhB...29..115B,
   author = {{Bartschat}, K. and {Hudson}, E.~T. and {Scott}, M.~P. and {Burke}, P.~G. and 
	{Burke}, V.~M.},
    title = "{Electron - atom scattering at low and intermediate energies using a pseudo-state/$\lt$B$\gt$ R$\lt$/B$\gt$-matrix basis}",
  journal = {\jphysb},
     year = 1996,
    month = jan,
   volume = 29,
    pages = {115-123},
      doi = {10.1088/0953-4075/29/1/015},
   adsurl = {http://adsabs.harvard.edu/abs/1996JPhB...29..115B},
  adsnote = {Provided by the SAO/NASA Astrophysics Data System}
}

